3946 6186
198 308 292 371 'lein
522 336 527 344 ·
648 308 820 369 arsenbtx
838 313 884 370 ab
903 312 1019 370 OPERA
1040 311 1285 371 vrttttisbttttca
1307 313 1430 370 intuiti.
1480 323 1485 333 “
1774 305 1867 361 ‘md

221 432 367 501 leviorique
391 436 534 485 stemmate
563 428 669 499 pirnsi,
696 430 821 497 quoniam
847 444 901 483 non
927 429 1014 484 solum
1028 431 1054 489 Α
1068 426 1184 494 spatium
1193 435 1350 496 exspectare
1359 437 1515 495 praesumps
1531 423 1578 488 rit,
1599 422 1650 479 bos
1661 419 1800 490 siquidem
1821 435 1866 490 pt·

221 503 354 565 discretis,
366 514 457 556 verum
471 499 551 555 etiam
565 498 675 553 rudibus
689 499 838 569 muigrmuis
851 499 922 554 serie
938 511 1012 567 post·
1066 497 1154 566 gritiei
1179 513 1252 551 mora
1267 496 1417 558 coniunctis,
1445 497 1545 564 ireque
1557 508 1589 550 se
1610 506 1726 549 rancore
1745 492 1866 551 murni-

271 573 306 626 ita
317 569 532 625 commendatur.
544 567 619 623 liuoc
629 567 661 621 ad
673 570 860 639 magistrorum
873 570 1012 625 venerabi·
1062 575 1139 621 tinet.
1152 566 1219 622 Cum
1237 576 1327 622 antem
1346 565 1461 637 pigritiei
1475 563 1624 632 discipulus
1636 601 1644 627 .
1656 558 1864 618 dormitatione

232 657 273 697 em
289 639 486 710 properandum
501 648 543 694 est
558 637 734 708 majestatem.
764 638 950 706 llagistrornm
965 655 1012 694 au·
1062 637 1170 699 artilex,
1190 638 1308 707 magistri
1329 638 1435 693 traverit
1455 634 1646 695 sedulitatem.
1665 633 1863 688 animatorias

222 722 274 764 ιιιιι
291 710 351 764 talis
364 707 494 764 babeatnr
506 707 613 764 diviso.
628 707 775 764 Tantorum
789 708 896 775 qnidam
909 709 1013 766 duabus
1063 705 1076 760 i
1089 707 1208 773 stipabit,
1231 718 1277 763 aaut
1293 705 1529 776 pttdoreconiusus
1543 701 1569 759 iu
1585 702 1666 774 buius
1680 702 1862 773 opprobrium

220 780 332 834 urbibus
365 779 470 835 ceteris
498 777 717 850 luigemibribns,
743 778 846 833 scilicet
868 778 962 834 Routae
985 791 1012 835 et
1064 776 1230 831 dormitabit.
1256 778 1309 834 scd
1326 793 1378 832 uon
1394 776 1474 831 iaciat
1488 784 1517 830 ut
1531 777 1667 830 bssrtertts
1681 782 1760 841 poeta
1786 788 1861 842 pre·

221 851 334 905 anonis
360 855 579 910 commorantur,
611 848 725 902 ulterius
755 863 885 918 nusquam
915 864 1011 920 proce·
1063 846 1140 914 cipit,
1156 863 1234 914 quem
1248 847 1390 903 [trumonis
1405 844 1657 914 Castorisdiscipuli
1671 842 1795 913 pigrities
1810 859 1861 898 ue·

221 923 325 986 tierrtcs,
342 920 392 975 nisi
406 929 533 989 quantum
553 918 658 973 tortura
680 917 799 974 succedit
823 919 863 974 ιιι
885 928 913 973 ut
934 919 1012 976 altius
1063 918 1152 986 quivit
1167 917 1193 972 in
1215 922 1298 973 nsum
1312 920 1441 974 excitare.
1459 917 1498 973 Eo
1520 930 1585 972 vero
1605 929 1682 970 tuone
1699 913 1860 982 quotidiano

221 1000 393 1046 venerentur.
432 989 482 1044 atii
507 987 696 1059 predictorum
726 989 881 1044 omittentes
910 989 1012 1060 lastigia
1063 985 1097 1041 ad
1108 988 1220 1056 primam
1236 997 1390 1052 stertente,
1416 985 1549 1057 unguibus
1569 986 1671 1041 scabris
1683 983 1857 1039 membratim

222 1060 353 1126 locorum,
377 1058 536 1130 oppidorum
560 1057 738 1127 adiacentium
762 1069 887 1128 quaerunt
907 1061 1011 1116 ernolu·
1063 1056 1194 1112 musicum
1207 1059 1290 1112 melos
1305 1058 1603 1128 agentibus,oeutisque
1617 1055 1803 1124 lippientibus,
1816 1054 1858 1110 ln·

222 1139 321 1191 rncnta,
337 1140 392 1185 tunt
409 1136 518 1199 propter
533 1141 676 1184 novercam
691 1126 839 1197 disciplina
853 1139 1010 1198 egestatem,
1063 1140 1175 1198 remque
1186 1129 1388 1196 explorantibus
1401 1129 1525 1182 matutini
1538 1125 1648 1191 laboris,
1658 1124 1686 1179 in
1698 1123 1856 1191 nebulisque

223 1211 278 1255 tum
304 1208 412 1270 propter
440 1198 537 1254 natalis
560 1198 653 1267 papia
678 1199 815 1254 dulcorem
839 1200 1011 1255 renitentem.
1064 1211 1098 1251 ue
1110 1211 1153 1250 res
1169 1208 1311 1267 peragatur
1323 1198 1492 1254 conantibus
1505 1194 1713 1252 circuientibus
1725 1195 1764 1249 tic
1778 1193 1858 1250 dice·

223 1270 288 1324 Turn
304 1273 416 1325 istorum
431 1283 509 1340 quam
523 1268 637 1322 aliorum
650 1267 759 1339 quidam
774 1269 876 1324 ratione
892 1269 1011 1338 pulebrce
1064 1267 1122 1320 bat:
1141 1266 1219 1322 Lucis
1232 1267 1330 1322 rubore
1345 1268 1397 1323 diei
1420 1282 1552 1322 aurorane
1568 1265 1656 1321 adbuc
1670 1260 1857 1320 eonirtnditur?

221 1339 446 1395 denominationis
466 1339 609 1407 imperium
626 1348 775 1404 assumunt,
790 1348 819 1393 ut
835 1337 1013 1395 btrnoridceu·
1065 1334 1120 1391 lllis
1133 1336 1223 1406 itaque
1237 1337 1526 1407 mganriburmediam
1541 1344 1644 1407 pidem
1656 1335 1710 1391 diei
1721 1333 1855 1389 treherii·

222 1417 276 1466 tnr.
297 1410 349 1464 atii
364 1409 466 1465 ratione
486 1406 667 1478 intelligentiae
690 1408 838 1477 ignorantia
864 1422 955 1464 eornm
977 1424 1011 1466 nc
1064 1409 1303 1462 mesomnntcntus
1317 1408 1432 1477 cupierit
1463 1408 1543 1462 ratias
1559 1404 1740 1474 beoagtmde.
1758 1404 1855 1459 maluit

222 1480 430 1535 contundantur.
449 1478 534 1534 Tertii
559 1479 682 1533 subditus
707 1477 877 1548 speculantes
903 1487 1013 1547 propter
1063 1477 1134 1531 enim
1148 1480 1206 1531 sani
1217 1479 1314 1547 capitio
1329 1478 1428 1555 babere
1437 1423 1562 1532 duritiem
1585 1490 1665 1546 quam
1679 1473 1768 1530 insani
1784 1475 1854 1543 peri

222 1549 461 1621 utriusquepartis
482 1549 647 1604 incrementa
666 1547 828 1617 magistralia
849 1548 1013 1604 contraitum
1064 1546 1175 1603 tiamsi
1186 1562 1250 1602 vcro
1260 1547 1415 1602 rueridianre
1425 1545 1599 1616 disputationi
1609 1546 1768 1615 plerumque
1776 1543 1854 1599 ades·

222 1618 422 1688 paludamenta.
441 1618 544 1673 Talium
566 1633 680 1688 namque
693 1618 845 1688 quicunque
864 1619 1011 1675 venustatis
1064 1625 1128 1681 tet,
1151 1609 1267 1670 natidttm
1287 1632 1393 1672 morem
1413 1618 1544 1673 excedere
1559 1616 1692 1681 nesciens,
1708 1629 1774 1670 naso
1788 1613 1854 1686 vigi·

223 1698 366 1760 assumptae
384 1688 520 1757 debitique
540 1686 621 1743 oitieii
643 1687 707 1743 velit
725 1686 905 1743 emolumenta
920 1702 1012 1756 prosc·
1065 1684 1136 1740 larue
1160 1687 1301 1750 stertebat,
1317 1686 1494 1756 aibnibusque
1507 1687 1544 1743 ob
1557 1685 1674 1756 pumina
1689 1684 1853 1740 corrmioais

223 1761 279 1831 qui,
295 1760 321 1814 in
342 1760 465 1814 universa
481 1773 585 1813 morum
598 1757 736 1814 ironestate
750 1766 855 1827 oportet
868 1767 897 1811 ut
912 1759 1013 1826 polleat
1030 1757 1204 1849 Bstrepitom
1230 1756 1367 1825 prebebat
1390 1757 1507 1813 fastidia.
1527 1757 1594 1811 burn
1610 1756 1757 1831 aliquapdo
1778 1755 1852 1811 olera

187 1870 189 1873 .
223 1829 388 1897 praeteritas,
404 1837 436 1884 nt
447 1827 481 1882 sit
495 1829 585 1899 utique
606 1828 632 1882 iu
649 1842 775 1899 sermone
788 1842 881 1892 verax,
899 1829 923 1882 in
937 1827 1010 1898 judi·
1064 1826 1197 1881 secundas
1218 1831 1278 1896 ejus
1303 1827 1415 1882 delicias
1428 1828 1557 1892 hauriret,
1570 1841 1617 1882 ora
1632 1825 1728 1891 ltietui,
1753 1825 1852 1881 lumina

223 1899 265 1954 rio
281 1900 381 1970 justus,
404 1899 431 1953 in
450 1897 562 1953 comitio
584 1898 720 1968 providus,
738 1907 765 1953 ct
780 1897 807 1952 in
821 1899 966 1953 commissu
982 1899 1010 1952 ti·
1062 1908 1156 1952 sumno
1172 1897 1315 1953 constuisit.
1327 1896 1420 1953 Manus
1434 1913 1509 1962 vero,
1525 1898 1587 1952 iicet
1598 1896 1736 1961 sordida,
1758 1896 1786 1950 in
1808 1910 1853 1950 ca·

223 1969 301 2035 delis,
316 1976 443 2036 constans
458 1968 483 2023 in
497 1971 582 2034 atrito,
596 1971 655 2038 pius
671 1968 696 2023 in
712 1967 802 2038 aliato,
818 1968 960 2025 virtutibus
972 1969 1012 2023 in·
1064 1965 1119 2020 tino
1133 1965 1233 2036 aliquid
1248 1968 1403 2037 prendebat,
1420 1969 1466 2023 sed
1483 1983 1565 2034 sepior
1576 1968 1601 2023 ei
1616 1969 1727 2022 nocitus
1737 1965 1851 2027 exstitit.

223 2039 347 2109 signitas,
363 2038 534 2107 bonitateque
554 2037 695 2094 laudabilis
714 2039 822 2105 cristae
835 2039 857 2094 si
870 2039 934 2108 quid
949 2054 1011 2093 vero
1063 2033 1126 2090 dum
1137 2036 1237 2091 cibaria
1253 2037 1420 2092 incarcerare
1441 2039 1574 2105 quesivit.
1589 2037 1629 2092 brt
1644 2052 1725 2107 quem
1739 2037 1852 2091 imctnut

224 2109 352 2172 eotrtrarii
371 2108 509 2175 acciderit,
525 2108 648 2164 bumana
663 2107 813 2178 lragiiitatis
828 2109 946 2178 appetitu
965 2124 1011 2164 ae·
1064 2106 1235 2174 maturitatis,
1251 2123 1268 2159 o
1290 2108 1422 2163 ttareime
1433 2109 1574 2163 sociorum
1590 2107 1740 2178 carissime,
1762 2106 1852 2161 credi·

224 2178 315 2235 cidere
333 2179 411 2235 solet.
442 2178 651 2243 Conversatioue
670 2180 748 2234 etiam
768 2178 805 2235 sit
823 2178 920 2246 bouus,
940 2180 1012 2233 nulia
1064 2176 1099 2230 ιιι
1112 2174 1184 2231 butte
1231 2178 1592 2247 rvcnire,vestrasiquidem
1602 2176 1853 2232 notitintentin.Si

224 2248 354 2318 siquidem
374 2257 477 2305 retest
501 2249 585 2319 magis
609 2250 757 2319 peruiciosa
783 2248 930 2319 discipulo,
959 2251 1012 2304 rita
1064 2192 1229 2304 (inserendie
1233 2262 1312 2302 causo
1329 2248 1492 2302 meridianus
1502 2248 1596 2302 doctor
1607 2247 1723 2302 studium
1743 2239 1853 2313 adierit,

222 2319 344 2390 magistri
362 2319 554 2375 currtumeliosa
570 2339 576 2372 :
591 2319 675 2374 intusa
692 2320 764 2374 enim
778 2318 902 2374 videntur
921 2334 967 2383 saer
978 2319 1014 2374 is·
1064 2317 1210 2372 cavendum
1222 2325 1262 2373 est
1275 2318 1466 2386 nesnpbistico
1477 2318 1577 2387 polleat
1597 2326 1735 2384 appense,
1751 2331 1801 2371 nec
1812 2324 1854 2371 te·

224 2388 293 2445 time
307 2387 432 2444 conlundi
446 2397 474 2444 et
485 2387 566 2444 fetido
580 2403 654 2453 vase,
670 2389 732 2459 quia
745 2387 854 2444 letldnm
870 2404 917 2444 ras
930 2405 1013 2456 aqttas
1066 2387 1113 2440 tris
1125 2386 1483 2452 meveatrtrdiltleultatibus,
1492 2389 1538 2445 sed
1550 2388 1666 2443 studiosa
1678 2385 1854 2456 praemedita-

122 2478 147 2504 ·2
224 2457 328 2517 infusas
346 2460 504 2527 corrumpit.
538 2458 599 2513 llaec
618 2468 706 2513 autem
726 2457 759 2513 ad
778 2460 874 2513 citime
893 2459 1014 2514 docentis
1066 2459 1138 2512 tiore
1162 2456 1854 2527 omttibusarmatns,intrepidtrs,adeatlites,eas·

226 2529 442 2584 iulormationcm
456 2526 556 2596 digesta
570 2536 643 2594 sunt3
659 2543 731 2583 nune
745 2528 779 2583 de
794 2529 899 2584 catoris
914 2529 1012 2598 prima·
1065 2541 1117 2595 que
1127 2526 1197 2581 taciti
1213 2538 1303 2583 mente
1326 2540 1489 2598 componat,
1518 2539 1546 2584 et
1557 2527 1623 2583 illud
1637 2526 1707 2594 qnod
1721 2527 1855 2597 -qnisque

227 2597 285 2662 riis,
300 2613 354 2652 ann
368 2597 429 2652 dieo
443 2599 476 2651 de
491 2597 579 2668 primo
594 2598 697 2664 primis,
712 2598 758 2653 sed
773 2598 807 2653 de
819 2600 938 2653 secundo
957 2601 1011 2668 pri·
1065 2595 1193 2664 ttlrjecerit
1215 2600 1249 2652 ita
1265 2601 1401 2653 irremoriae
1415 2599 1549 2668 disponat,
1571 2607 1600 2651 ut
1610 2596 1750 2665 detegendi
1775 2605 1854 2650 tem-

227 2667 279 2722 tnis
291 2666 477 2723 disserendum
490 2678 542 2724 ιιι.
562 2667 679 2722 ‘leuetur
693 2683 800 2737 quoque
813 2666 910 2724 doctor
923 2672 1014 2724 crutti·
1067 2680 1132 2734 pore
1144 2682 1158 2719 a
1170 2668 1214 2722 via
1225 2668 1337 2722 rationis
1348 2683 1401 2722 non
1423 2669 1553 2733 discedat,
1569 2668 1617 2722 scd
1637 2667 1731 2721 ordine
1745 2679 1856 2736 compe-

228 2747 270 2793 tus
289 2750 359 2803 csse,
380 2748 545 2804 ntansuetus,
566 2737 685 2807 rigidus,
704 2738 830 2808 antiquus
848 2753 900 2793 nou
921 2740 1013 2804 annis,
1067 2736 1132 2791 tenti
1157 2739 1296 2806 aeoigmata
1320 2738 1483 2793 dilucidandi
1508 2737 1692 2793 moderatione
1717 2747 1855 2799 assumpta

228 2821 281 2863 uon
297 2807 445 2879 negligens,
460 2822 508 2863 uec
523 2822 662 2878 arrogans.
683 2807 733 2872 Sit,
750 2808 870 2878 iuquam,
885 2809 1013 2865 eruditus.
1066 2806 1190 2874 explIeite
1204 2809 1342 2863 dissolvet.
1358 2808 1413 2863 Siv
1431 2825 1460 2863 ro
1476 2810 1602 2871 maxima,
1622 2816 1650 2860 nt
1660 2807 1779 2871 assolet,
1796 2805 1855 2861 dis·

228 2875 306 2932 Prius
324 2877 396 2933 errim
415 2887 522 2947 oportet
541 2886 569 2933 nt
587 2878 671 2933 diseat
690 2893 770 2947 qnam
790 2879 892 2933 doceat.
932 2880 1014 2934 Trivti
1066 2888 1201 2932 erutorum
1214 2874 1854 2947 mentibuscontigeritdubitatioindissercudo,

226 2946 360 3017 siquidem
378 2949 604 3017 comparationem
620 2952 748 3004 doctrinm
764 2949 885 3004 novimus
899 2950 1016 3004 assistri-
1067 2946 1162 3001 studiis
1176 2950 1304 3002 ruendum
1315 2959 1355 3003 cst
1369 2947 1553 3012 deliberando,
1568 2946 1673 3017 etqnod
1690 2946 1856 3000 naturatibus

227 3030 295 3074 cem.
315 3017 399 3074 Valde
413 3033 475 3073 vero
493 3019 635 3075 absurdum
650 3029 691 3076 est
703 3027 730 3074 et
745 3019 875 3088 iniquum,
891 3028 920 3073 ut
934 3020 1017 3088 impe·
1069 3017 1184 3070 rotatibus
1208 3033 1284 3073 triens
1298 3019 1429 3086 exagitata
1451 3017 1610 3082 dictaverit,
1626 3015 1801 3072 conscientie
1827 3017 1854 3069 in

227 3087 271 3143 riti
291 3088 395 3157 peritis,
415 3088 513 3145 novelli
533 3089 664 3158 antiquis,
686 3088 821 3159 rudesque
840 3088 922 3159 prule
938 3098 1017 3145 arrtur
1067 3087 1215 3142 crastinum
1231 3089 1418 3156 proterendum
1433 3096 1484 3142 est.
1498 3087 1653 3157 Eodemque
1666 3085 1747 3140 modo
1765 3085 1788 3139 si
1804 3085 1856 3139 dit·

227 3158 357 3214 emeritis.
384 3159 536 3216 llarrsuetua
556 3176 563 3212 :
586 3160 710 3229 quoniam
725 3160 885 3229 quandoque
899 3154 1051 3229 discipu-C
1070 3156 1216 3212 ticillimum
1228 3160 1289 3226 qnid
1309 3159 1428 3228 quisquis
1444 3157 1640 3228 praemeditatus
1650 3155 1742 3221 luerit,
1754 3154 1855 3211 disere

228 3225 314 3283 lurum
329 3229 471 3286 clationem
488 3232 540 3297 pati
556 3239 733 3298 opportunum
747 3240 798 3297 est,
813 3243 877 3298 ergo
893 3243 1017 3285 mansue·
1069 3226 1132 3281 tioni
1152 3235 1194 3281 est
1207 3228 1465 3292 commendandum
1485 3227 1588 3282 lucilius
1602 3227 1675 3280 enim
1697 3224 1856 3281 disserendo

228 3297 319 3353 tudine
333 3299 459 3353 utendum
473 3308 524 3352 est.
545 3299 670 3367 ttagister
684 3297 786 3354 Franco
805 3299 832 3354 in
851 3299 1015 3355 immansue-
1067 3296 1223 3365 plerumque
1244 3298 1410 3352 diibcultatis
1428 3298 1466 3352 aci
1479 3298 1573 3352 tillula
1595 3296 1819 3365 iuvenitnrquam
1831 3296 1856 3350 si

229 3363 321 3422 tudine
341 3368 453 3436 prodeat
471 3369 497 3422 iu
517 3369 686 3436 excurplmn,
707 3370 751 3438 qui
770 3369 805 3422 ob
824 3368 1015 3432 discipulorum
1066 3366 1208 3422 s‘udii.0b
1222 3368 1354 3422 errationi
1378 3369 1590 3423 committeretur
1602 3412 1608 3433 ,
1620 3367 1745 3435 ιμιοιιιιιιι
1757 3377 1811 3418 vuon
1828 3366 1856 3419 in

228 3448 340 3491 suerum
360 3437 498 3491 nobilitate
517 3452 563 3491 su·
584 3439 713 3492 utentium
735 3438 945 3494 irrclrenabiiem
974 3453 1016 3494 ar·
1066 3434 1151 3490 altero
1163 3445 1263 3491 tantum
1276 3437 1393 3493 scientiae
1401 3438 1500 3493 veritas
1508 3437 1654 3506 reperitur,
1667 3445 1696 3491 ut
1705 3435 1769 3490 dicit
1779 3436 1857 3490 liris·

229 3505 379 3574 negantiam
406 3505 501 3575 laqueo
522 3519 552 3560 se
574 3508 728 3574 suspendit;
753 3507 900 3575 sapientius
926 3518 1014 3563 antem
1067 3504 1172 3560 tuteles.
1192 3506 1462 3563 du'madvertcodum
1483 3504 1857 3574 estetiamquodtcibusmo·

134 3635 137 3641 .
229 3575 327 3644 egisset
349 3576 373 3629 si
396 3574 600 3629 mansuetudine
620 3589 683 3629 usus
706 3575 808 3630 luisset.
833 3576 965 3645 iiigidus:
988 3582 1015 3632 iu
1067 3575 1110 3629 dis
1131 3575 1157 3629 in
1173 3576 1360 3632 traditionibus
1375 3578 1412 3632 uti
1436 3580 1505 3633 solet
1521 3578 1697 3632 discretorum
1726 3575 1855 3644 cognitio.

216 3644 389 3700 'sebolarium
408 3645 480 3699 euim
501 3644 625 3710 amplam
645 3645 731 3713 rigore
751 3645 801 3699 lrni
829 3644 1014 3702 commodissi·
1066 3642 1146 3700 Novis
1159 3645 1289 3716 siquidem
1304 3659 1331 3702 et
1350 3647 1482 3702 inusitatis
1496 3645 1656 3702 editionibus
1676 3645 1857 3716 glorierius-

229 3728 301 3770 mttm
320 3723 371 3780 est,
391 3723 421 3769 ut
440 3714 479 3769 sie
494 3714 646 3769 errantibus
661 3714 801 3769 virttlictam
827 3717 955 3784 imponat,
972 3732 1016 3772 so·
1068 3714 1168 3770 teribus
1195 3717 1324 3788 tetrisque
1348 3718 1539 3786 discipulorum
1556 3727 1661 3771 mentes
1676 3714 1794 3794 palliepe,
1812 3728 1857 3768 ve

228 3785 376 3854 ptristarttm
403 3785 463 3840 lites
489 3783 635 3847 dissolvat,
663 3779 826 3840 oblatrantes
851 3785 1013 3859 remordeat,
1068 3786 1221 3840 iustissimis
1237 3796 1325 3842 tamen
1340 3789 1471 3842 insinuatis
1484 3796 1512 3842 et
1524 3798 1647 3856 tauquam
1660 3797 1774 3855 proprus
1787 3782 1855 3837 rivis

152 3852 156 3863 '
227 3853 406 3923 obloquentes
434 3854 579 3924 reprimat,
600 3856 794 3922 protervientes
819 3858 949 3927 castiget,
973 3867 1016 3914 to·
1067 3856 1236 3913 manantibus
1248 3857 1612 3928 credentiumintelligentius
1624 3852 1856 3919 excitaresiquis

230 3933 337 3993 tamque
356 3924 606 3980 determinationem
632 3925 798 3981 dialecticam
825 3924 914 3982 iaciat.
940 3928 1017 3984 buti·
1069 3930 1238 3981 veretrorum
1253 3927 1443 3998 discipulorum
1456 3923 1857 3997 sagacitatcoblcctarcrit,ar·

228 4008 298 4063 quus
324 4009 388 4050 vcro
414 4009 468 4049 uon
491 3995 583 4057 arinis,
600 3995 647 4051 sed
674 4005 801 4065 perpetua
825 3997 960 4062 seientia:
993 4000 1017 4055 si
1067 3996 1449 4068 rbtnnotarijungendusea,
1465 3992 1856 4054 triveleisrecordationisse·

229 4079 293 4120 vero
317 4074 459 4134 utrumque
482 4064 612 4128 adiuerit,
632 4067 723 4120 sanior
741 4066 858 4122 conditio
873 4067 937 4123 erit.
956 4068 1015 4125 Non
1068 4065 1134 4120 riern
1147 4066 1258 4122 tideliter
1268 4068 1411 4136 imprimat,
1424 4064 1765 4135 veletarandidiligentiam
1777 4076 1856 4116 com·

228 4135 382 4204 negligens:
397 4136 523 4203 quoniam
536 4136 640 4190 sieutirt
653 4150 822 4206 unoquoque
836 4151 917 4206 opere
931 4149 1016 4195 mater
1069 4136 1185 4190 mendet.
1198 4135 1319 4261 llalgnum
1333 4136 1463 4207 siquidem
1476 4139 1502 4192 in
1519 4137 1559 4192 bis
1575 4133 1694 4190 utilitatis
1706 4131 1856 4187 lomentum

228 4205 531 4269 iuvenitureonttant'a,
547 4207 583 4260 ita
606 4207 737 4261 urticesae
751 4205 881 4261 doctrine
895 4218 922 4264 et
936 4208 1016 4264 disci·
1069 4206 1218 4275 colligetur.
1258 4217 1268 4261 t
1283 4215 1373 4262 autem
1387 4207 1421 4262 ad
1437 4207 1607 4278 magistratus
1618 4201 1719 4273 apicem
1732 4210 1857 4272 tempore

228 4274 308 4342 plinus
322 4288 438 4329 noverca
452 4277 675 4345 estuegtigentia.
690 4275 953 4346 Opportuniuseoim
972 4292 1016 4334 es·
1068 4276 1206 4343 perveniat
1219 4275 1373 4346 discipulus,
1401 4278 1490 4333 studio
1503 4272 1684 4332 continuitatis
1704 4271 1855 4325 immoran-

229 4350 271 4400 set
284 4345 446 4399 mechanicae
460 4347 598 4400 deservire
608 4345 659 4400 arti
674 4360 752 4415 quam
773 4345 942 4415 negligentia
950 4347 1015 4418 jugo
1067 4345 1130 4401 dum
1144 4353 1194 4408 est,
1202 4359 1362 4416 recessuque
1374 4347 1469 4403 secreti
1489 4348 1523 4413 ri,
1536 4345 1602 4415 ,licet
1614 4341 1773 4413 sanguineus
1784 4344 1857 4395 eris-

229 4414 344 4469 onemri.
357 4414 414 4469 Non
428 4414 465 4469 sit
478 4429 605 4483 arrogans
619 4432 627 4469 ι
643 4415 768 4485 quoniam
780 4417 856 4469 vivas
870 4430 1014 4486 pauperum
1069 4423 1116 4478 tat,
1129 4414 1303 4469 insistendum
1316 4427 1368 4485 est,
1385 4431 1419 4471 rte
1429 4417 1556 4486 strepitus
1578 4413 1758 4469 assistentium
1781 4427 1857 4465 utcu·

229 4483 373 4539 scircitula
385 4485 561 4553 exstinguitur
577 4485 757 4555 magistrantis
784 4486 950 4553 arrogantia,
966 4502 1014 4543 vn·
1031 4515 1054 4574 υ
1069 4494 1120 4539 tem
1136 4484 1253 4547 bebetet,
1265 4489 1304 4540 rc!
1319 4487 1487 4554 migrantium
1504 4488 1561 4541 rixa
1574 4483 1719 4539 confundat
1734 4480 1856 4536 intellec·

230 4552 371 4634 luutasqup
386 4553 505 4609 discendi
527 4554 653 4610 divitibus
674 4565 874 4624 sequestratur,
889 4557 1013 4626 quoniam
1068 4566 1143 4617 turn,
1166 4555 1246 4608 rrrrllis
1271 4556 1384 4612 vinculis
1398 4556 1490 4611 uitales
1510 4555 1621 4625 spiritus
1637 4550 1855 4623 impedientibus.

229 4633 380 4687 arropautts
394 4623 516 4694 magistri
530 4622 667 4696 sedulitas
687 4639 823 4695 uuttquam
839 4624 1012 4681 tidetitrrno-
1068 4625 1204 4694 tionestati
1221 4626 1291 4678 enim
1307 4637 1514 4682 consentaneum
1526 4633 1568 4681 est
1576 4635 1605 4679 ut
1618 4638 1632 4678 s
1648 4631 1721 4677 creta
1733 4620 1856 4674 rimando

228 4691 328 4748 minem
349 4693 483 4749 iustruxit.
500 4694 530 4747 iii
546 4703 609 4749 sunt
622 4694 703 4764 quiid
718 4695 790 4764 qttod
808 4696 895 4750 sciunt
910 4697 1016 4751 ltunrili·
1066 4695 1201 4750 solitarius
1216 4695 1342 4765 magister
1353 4696 1629 4767 eristatmagisquam
1640 4691 1750 4747 libellos
1764 4700 1855 4745 extra·

230 4777 270 4818 ter
284 4763 383 4818 docere
399 4774 583 4828 contemnunt,
598 4775 625 4820 et
639 4780 698 4835 quae
713 4765 932 4834 rationesapiunt
942 4776 1016 4823 recte
1067 4764 1269 4820 bctrdoemrrtis
1282 4767 1450 4835 persentiam
1464 4780 1540 4820 stram
1551 4762 1692 4820 exhibeat:
1702 4774 1791 4816 noune
1805 4760 1854 4814 de·

229 4841 379 4888 nronstrare
395 4842 541 4904 nequeunt,
558 4835 684 4905 qnoniam
695 4837 721 4890 in
731 4834 844 4903 »lastigie
854 4835 931 4904 positi
940 4849 1014 4906 men·
1067 4835 1206 4890 iectionis
1218 4833 1411 4905 biiusmagistri
1423 4836 1592 4891 sedulitatem
1609 4832 1692 4889 libros
1706 4829 1854 4886 extrahen-

228 4905 447 4958 tesmoercntinrn
459 4903 628 4973 despiciunt.
651 4920 700 4960 nce
723 4905 750 4958 iu
766 4905 884 4959 datorem
895 4905 1015 4960 scientiar
1067 4911 1121 4958 ιιιιι
1137 4904 1280 4972 aspiciens,
1296 4906 1359 4974 qnid
1372 4905 1537 4976 inquantum
1554 4906 1645 4973 utiquc
1657 4901 1833 4957 meditaretur
1846 4902 1856 4950 i

228 4973 472 5038 eausamrelerunt,
483 4974 530 5030 sed
546 4977 680 5044 propriant
694 4976 719 5029 iu
728 4990 757 5030 sc
770 4973 916 5043 respiciunt
925 4977 1015 5030 excel·
1067 4973 1097 5029 Si
1111 4989 1175 5029 vcro
1189 4976 1316 5042 prirnmvo
1330 4987 1451 5045 tempore
1465 4976 1644 5046 magistrantis
1657 4971 1673 5025 ti
1686 4970 1795 5042 ligcutia
1809 4986 1855 5023 co-

229 5042 348 5096 lentianr.
367 5043 397 5097 lii
408 5046 488 5099 etiam
500 5055 561 5099 sunt
571 5048 615 5114 qui
628 5045 744 5100 brrtbries
758 5040 886 5108 dilatant,
902 5044 1013 5116 papiae·
1067 5043 1136 5112 piam
1146 5045 1306 5099 discruciant
1321 5061 1373 5101 nort
1391 5047 1513 5102 babuerit
1525 5086 1533 5111 ,
1547 5045 1645 5100 idcirco
1660 5047 1853 5110 nontepcseat,

229 5112 294 5166 teria
311 5114 492 5184 tnagniiicam,
505 5117 530 5168 in
544 5115 656 5184 publicis
666 5114 1013 5183 spectaculisemincntiora
1065 5127 1116 5168 uec
1137 5127 1185 5182 spe
1204 5114 1322 5183 deposita
1337 5125 1488 5183 evanescat,
1500 5116 1548 5172 scd
1570 5122 1643 5170 tarrto
1658 5112 1746 5166 acrius
1760 5111 1855 5165 studiis

228 5181 323 5236 sedita
338 5193 471 5254 quaerunt,
486 5194 514 5238 et
528 5185 563 5238 ab
575 5184 701 5239 omnibus
713 5184 785 5237 ratri
801 5185 909 5238 nomine
923 5189 1013 5241 vocari
1065 5184 1170 5239 ιιιιιιιιι
1187 5225 1194 5249 ,
1212 5200 1294 5252 seque
1315 5187 1340 5239 iu
1351 5186 1484 5244 ‚condictu
1506 5197 1614 5240 strenue
1628 5197 1675 5253 prr
1686 5183 1757 5245 beat,
1771 5190 1801 5235 ut
1816 5179 1854 5233 sic

228 5252 379 5307 etsaltrtari
400 5255 564 5309 desiderant.
585 5254 944 5323 Talessiquidemomnium
965 5257 1013 5311 bo·
1065 5254 1128 5309 licet
1153 5270 1214 5310 cum
1241 5256 1332 5324 paucis
1366 5257 1495 5312 bonorem
1526 5254 1675 5324 contingat.
1703 5254 1851 5306 Paucorum

229 5336 324 5375 norum
336 5324 469 5389 reticulo,
483 5325 543 5391 jure
567 5324 717 5380 sedulitatis
729 5325 828 5390 ablato,
840 5338 856 5378 a
868 5339 899 5380 se
912 5327 1013 5396 relega·
1065 5327 1136 5380 sirim
1147 5327 1282 5380 consortio
1296 5326 1394 5381 multos
1407 5321 1544 5392 delinitos,
1559 5320 1748 5395 protunditatis
1763 5319 1853 5375 studio

229 5392 276 5444 bit.
289 5392 354 5444 enin
366 5403 454 5447 autem
473 5395 548 5447 ltorrru
564 5395 740 5464 inquisitionis
752 5397 801 5450 tiru
814 5394 918 5465 lcgeudi
932 5411 1012 5451 causa
1065 5396 1180 5462 vigente,
1192 5396 1467 5464 irequeutcrvitlimus
1480 5410 1591 5470 strenue
1602 5391 1742 5448 intitulari.
1759 5389 1853 5444 Nonne

229 5460 334 5514 scitalas
347 5462 495 5525 intraverit.
510 5466 598 5535 rigore
614 5465 774 5522 intrinsecus
786 5477 934 5532 assumpto,
944 5480 1010 5521 con·
1064 5464 1423 5535 Theopbrastnssubtilitatis
1435 5468 1532 5523 artilex
1545 5505 1553 5532 ,
1568 5476 1714 5536 paucorum
1728 5460 1853 5515 virdunus
1903 5497 1906 5502 -

229 5533 398 5612 siderandum
409 5544 451 5588 est
461 5544 489 5587 ut
499 5550 603 5599 aurore
615 5545 733 5604 ternpore
743 5536 870 5591 contiuuo
879 5537 1011 5591 submissa
1063 5532 1170 5603 oritatu,
1182 5550 1232 5605 spe
1240 5534 1412 5593 defraudatus
1422 5538 1542 5605 regendi,
1554 5550 1645 5591 curam
1660 5530 1769 5599 obiecit,
1780 5530 1852 5599 quod

231 5603 1010 5672 vtrcetricipiat,orcrotundornediocriterasecndcudn,nisi
1064 5613 1153 5659 mosen
1181 5605 1328 5661 irremissio:
1342 5609 1415 5677 egit,
1444 5605 1594 5663 consultius
1619 5604 1689 5659 enim
1716 5600 1851 5669 egissetsi

230 5682 323 5738 magna
339 5681 431 5740 urgeat
447 5675 593 5729 necessitas
612 5676 804 5744 exspectando.
830 5676 959 5740 Quortiam
987 5677 1009 5730 si
1063 5689 1092 5729 se
1107 5676 1188 5730 sturlii
1212 5677 1389 5730 obscrtauttae
1416 5674 1655 5738 courmendabilctn
1674 5671 1849 5726 extribuisset.

230 5741 401 5808 utatqistratus
412 5742 549 5812 diligentia
573 5745 678 5813 aliquos
700 5747 767 5800 ultra
783 5745 867 5799 debiti
884 5747 1010 5816 tentpnris
1063 5745 1214 5801 linrrcribus
1230 5756 1318 5802 tameo
1338 5748 1455 5818 ntagistri
1467 5745 1588 5803 Leotttiui
1609 5740 1738 5798 discretio
1753 5740 1851 5796 multu·
