3946 6186
158 313 206 369 tsi
657 304 689 361 ui
707 303 926 364 cstuubtttts
944 302 1173 363 suistutstts
1193 304 1256 360 tiu.
1277 304 1299 360 l.
1747 312 1798 370 162

159 423 262 480 inlinisi
276 431 350 491 sunt,
369 436 451 479 unum
463 428 550 478 tamen
565 434 664 476 nomcn
679 418 845 476 concludens
857 420 948 475 omnia
963 418 1070 486 Aaltcr
1096 418 1251 475 Aristotelis
1280 416 1397 476 libertis
1414 420 1516 479 eisdem
1532 422 1683 496 disputans,
1702 427 1797 486 cadoni

159 519 298 591 qualitatis
312 517 439 581 occurrit,
454 515 528 572 etde
542 514 603 571 aliis
617 529 723 586 quoque
737 514 874 570 similitor.
900 513 954 569 lle·
1007 510 1064 568 iere
1079 510 1233 576 continens,
1249 525 1310 566 cum
1338 511 1374 567 sit
1396 515 1520 574 oratione
1534 517 1671 586 diversum
1692 522 1738 578 scd
1757 524 1800 579 bic

160 623 222 665 rum
237 624 300 680 ergo
320 607 487 663 diversarum
509 605 745 662 indeterminatam
763 605 954 676 infinitamque
1007 601 1178 675 proprietatis
1205 601 1274 658 liber
1302 602 1434 658 calculum
1458 607 1549 675 coepit.
1573 610 1698 669 Apollines
1719 613 1799 670 eiiam

160 699 370 765 multitudinem,
386 696 480 753 decem
496 696 768 767 praedicamentorum
793 697 954 768 paucissima
1007 694 1076 751 duos
1088 693 1242 763 composuit
1256 692 1338 749 libros
1354 709 1421 764 quos
1432 698 1553 760 vellinae
1572 703 1669 774 sigam-
1689 705 1801 775 inscrip-

161 789 355 852 nnnrerositntc
369 789 514 854 conclusit,
528 798 556 845 ut
569 804 601 845 ea
617 805 676 860 qnae
691 788 794 845 indulta
808 790 858 846 sub
868 789 956 846 scieu-
1007 788 1054 852 sit,
1065 801 1179 858 quorum
1191 786 1218 843 in
1236 786 1323 857 primo
1331 784 1389 843 ltaec
1407 787 1500 844 decem
1517 791 1726 860 praedicamenta
1742 797 1798 852 dis-

162 885 227 940 tiam
238 883 335 940 cadere
350 899 405 938 non
419 891 554 952 poterant,
569 882 663 939 decern
684 883 801 953 propriis
810 884 956 954 generibus
1007 880 1108 952 posuit.
1126 878 1204 936 Unde
1216 879 1382 949 posteriores
1394 880 1503 951 quidam
1528 897 1581 938 non
1598 899 1658 942 esse
1672 884 1803 958 brisseio·
1891 921 1893 924 ι

163 974 275 1030 diilinita
290 976 410 1030 scientiae
427 974 668 1046 comprehensione
691 974 860 1030 claudantur.
885 973 956 1044 Ergo
1008 976 1062 1033 lem
1078 976 1158 1046 injus
1170 975 1311 1033 divisionis
1324 976 1492 1033 inventorem
1503 980 1630 1049 suspicati
1644 993 1715 1048 sunt,
1729 987 1801 1056 quod

163 1068 255 1126 decem
283 1069 490 1138 yiraedicarnenta
516 1084 577 1139 anc
600 1068 726 1135 dicimus,
752 1068 957 1123 inliuitarunriu
1010 1070 1205 1142 Pythagoricus
1219 1069 1368 1128 vireadem
1389 1071 1605 1142 conscripsisset,
1620 1075 1647 1131 iu
1663 1092 1715 1146 qua
1737 1094 1802 1135 sen·

165 1163 273 1220 vocibus
289 1162 516 1233 significationum
540 1175 642 1232 genera
664 1172 738 1228 siant,
759 1162 806 1216 sed
829 1160 956 1231 quoniam
1010 1163 1094 1219 tentia
1114 1162 1263 1220 tanbttcus
1284 1163 1460 1236 pbilosopbus
1475 1177 1517 1222 est
1531 1182 1584 1224 non
1606 1169 1739 1240 ignobilis,
1760 1177 1803 1230 cui

163 1258 251 1313 omanis
266 1271 361 1313 roerrm
375 1257 538 1327 significatio
552 1254 587 1310 de
603 1255 685 1311 rebus
699 1264 753 1320 est,
768 1270 829 1325 quac
843 1269 910 1310 voce
922 1254 959 1308 si·
1010 1269 1064 1310 non
1076 1254 1213 1334 consentit
1226 1253 1403 1322 Themistius,
1418 1271 1506 1327 neque
1517 1259 1640 1316 concedit
1649 1275 1710 1317 eum
1721 1262 1804 1322 luisse

163 1349 407 1421 bsslflssibffliibw
422 1346 494 1416 (ιιιοᾰ
509 1346 695 1416 Sliblssffibless
713 1356 785 1410 ⁸⁰⁰¹,
800 1359 899 1415 sebert
914 1359 958 1400 re·
1010 1348 1162 1415 Architem,
1188 1348 1233 1420 qui
1255 1348 1449 1419 Pythagoricus
1478 1350 1692 1427 'Tarentinosque
1719 1367 1802 1425 esset,

163 1437 754 1507 mmoecessariosgniucabuni.btigino·
775 1435 959 1492 concludenda
1011 1440 1110 1512 quique
1135 1455 1197 1497 cum
1226 1439 1339 1496 Platone
1371 1442 1563 1513 aliquantulum
1586 1446 1716 1515 vixisset,
1755 1449 1803 1506 sed

163 1533 202 1590 ait
221 1532 348 1597 intentio,
373 1529 518 1585 dicendum
542 1538 585 1584 est
610 1528 635 1584 iu
660 1531 710 1584 lroc
728 1528 797 1583 libro
811 1528 846 1584 de
866 1527 960 1596 primis
1012 1531 1216 1603 peripateticum
1239 1532 1355 1602 aliquem
1389 1532 1540 1603 ercitum,
1568 1537 1612 1608 qui
1637 1553 1708 1595 novo
1728 1542 1805 1613 operi

163 1625 290 1690 vocibus,
303 1625 385 1692 prima
408 1637 498 1679 rerirm
514 1637 613 1692 genera
637 1620 851 1690 significantibus
878 1620 904 1674 in
926 1635 960 1676 eo
995 1623 1198 1682 vauctoritatem
1220 1632 1355 1681 vetustate
1380 1626 1496 1684 nominis
1527 1628 1672 1699 conderet,
1693 1632 1742 1690 sed
1770 1633 1804 1692 de

164 1717 239 1788 quod
256 1714 437 1786 eigntucanres
452 1722 525 1779 sunt,
540 1712 700 1783 dispositum
722 1726 782 1768 esse
804 1719 958 1767 tractatum.
1013 1714 1056 1770 liis
1067 1715 1141 1772 alias.
1153 1716 1249 1773 nour
1261 1716 1402 1788 inscriptio
1414 1721 1555 1790 qureraria
1570 1720 1629 1778 init.
1641 1722 1804 1797 inscripsere

81 1793 85 1807 '
166 1805 219 1863 Sed
249 1805 375 1876 qnoniam
400 1803 435 1860 de
458 1803 606 1858 intentione
632 1800 735 1857 dictum
759 1812 814 1869 est,
839 1800 959 1858 breviter
973 1793 998 1856 B
1012 1809 1187 1881 nomquealii
1201 1808 1237 1865 ds
1250 1808 1341 1876 rebus,
1352 1809 1397 1866 alii
1411 1810 1446 1868 de
1466 1814 1610 1884 generibus
1621 1831 1722 1885 rerum,
1737 1834 1805 1891 quos

167 1898 246 1968 liujus
260 1896 351 1968 operis
374 1895 475 1951 utilitas
490 1893 649 1964 explicanda
673 1901 724 1949 est.
747 1891 813 1948 llam
829 1907 891 1948 curn
916 1907 960 1949 res
1013 1899 1107 1957 eadem
1133 1900 1283 1972 similisque
1303 1901 1382 1972 culpa
1410 1903 1542 1964 conludii.
1564 1907 1685 1980 Namque
1700 1909 1805 1982 (utum

167 1990 278 2047 inbnita)
303 1989 414 2045 inliniti's
433 2003 540 2060 quoquc
552 1987 664 2043 vocibus
688 1985 915 2057 significarentur,
933 1997 961 2043 et
1012 1989 1127 2062 culmus)
1142 2005 1195 2046 non
1209 1989 1244 2046 de
1263 2005 1354 2049 rerum
1379 1995 1534 2064 generibus,
1551 2012 1637 2068 neque
1658 2000 1803 2071 derebus,

168 2084 319 2155 (ordiemur
336 2083 389 2153 est)
409 2082 459 2137 sub
483 2080 623 2139 scientiam
644 2079 736 2144 venire
758 2094 812 2134 non
836 2088 958 2149 possent,
1012 2082 1059 2139 sed
1079 2082 1114 2137 de
1126 2081 1296 2138 sermonibus
1316 2098 1408 2141 rerum
1428 2102 1528 2157 genera
1550 2088 1762 2159 significantibus
1777 2093 1804 2152 in

167 2174 393 2241 baedeliuitione‚
405 2189 456 2244 qua
470 2173 563 2229 decem
580 2171 850 2242 praedicamentorum
862 2171 961 2227 divisio
1014 2173 1066 2229 hoc
1091 2188 1175 2245 opere
1199 2183 1329 2231 tractatus
1344 2175 1479 2248 babetur,
1499 2178 1551 2237 boc
1565 2195 1632 2237 sero
1646 2183 1806 2244 Aristoteles

167 2266 235 2323 lacta
248 2274 301 2333 est,
315 2275 472 2321 ciirictarum
491 2279 580 2320 rerum
595 2272 624 2319 et
639 2277 732 2345 vocum
748 2263 958 2334 significantium
1013 2263 1070 2336 ipse
1085 2265 1204 2323 declarat
1218 2281 1280 2323 cum
1297 2265 1379 2323 dicit:
1394 2268 1494 2326 Eorum
1510 2286 1571 2342 quse
1584 2275 1732 2333 seeundum
1747 2278 1807 2334 nul.

168 2358 331 2431 requirimus
352 2357 531 2429 disciplinam.
560 2356 628 2412 lliuc
647 2367 687 2412 cst
708 2357 779 2427 quod
795 2355 828 2411 ad
845 2355 959 2425 logicam
1013 2358 1807 2436 iamcomplexionemdicuntur,singulumautsubstantiaut

168 2450 341 2510 tendentibus
363 2450 465 2522 primus
480 2450 524 2505 iric
538 2449 606 2506 liber
630 2449 760 2520 legendus
778 2449 904 2515 occurrit,
920 2449 962 2505 id·
1012 2447 1806 2525 significat,autquantitatem.Quodsidercbusdioirinbem

168 2547 240 2604 circo
252 2545 325 2618 quod
337 2560 398 2602 cum
413 2546 500 2602 omnis
525 2545 609 2613 logica
623 2543 841 2616 syllogismorum
855 2543 962 2600 rationo
1013 2540 1125 2608 laceret,
1134 2558 1188 2599 nou
1199 2543 1311 2602 dixisset
1322 2543 1469 2617 significem
1482 2561 1527 2606 res
1540 2551 1613 2608 enim
1628 2552 1804 2625 signibcatar,

165 2641 204 2719 sit
215 2640 370 2709 constituta,
384 2638 534 2711 syllogismi
558 2652 621 2692 sero
646 2636 874 2706 propositionibus
894 2637 960 2707 y’nn·
1013 2649 1067 2691 son
1088 2636 1145 2707 ipsa
1157 2637 1384 2712 signibeat.llllud
1399 2655 1506 2714 quoquo
1520 2643 1639 2702 maximo
1652 2660 1808 2719 argumento

169 2743 281 2805 gantur,
303 2730 502 2802 propositiones
531 2744 594 2785 vero
622 2729 793 2785 sermonibus
821 2737 961 2795 constent,
1013 2734 1056 2783 est
1069 2728 1242 2786 Aristotelem
1255 2745 1307 2786 non
1321 2731 1356 2788 de
1369 2732 1462 2802 rebus,
1473 2735 1521 2790 sed
1534 2735 1568 2792 de
1577 2739 1748 2798 sermonibus
1762 2757 1807 2800 rea

169 2825 257 2896 prima
268 2831 310 2880 est
322 2823 423 2879 utilitas
433 2822 496 2894 quid
511 2826 627 2893 quisque
641 2836 732 2878 sermo
746 2822 887 2892 significet,
900 2835 963 2891 pro·
1013 2821 1226 2892 signiucanubus
1240 2823 1385 2894 speculari,
1400 2825 1471 2895 quod
1490 2828 1529 2883 ait
1542 2845 1549 2883 :
1564 2828 1704 2901 singulum
1727 2836 1807 2906 igitm

170 2917 239 2990 prise
264 2917 383 2974 scientiae
404 2916 565 2973 dilliniiinne
584 2931 758 2988 cognoscere.
776 2915 840 2974 ltac
856 2930 963 2988 quoque
1013 2927 1107 2968 eorum
1119 2929 1172 2983 que
1182 2914 1253 2971 dicta
1272 2923 1345 2985 sunt,
1357 2915 1444 2987 ipsum
1456 2914 1563 2988 quidem
1579 2922 1766 2982 secundumse
1780 2927 1808 2986 irr

171 3010 780 3084 „ggpgpgggoemppaepycamwgg{1139oepr
799 3022 827 3070 gy
850 3012 876 3068 p,
893 3014 962 3086 phy.
1015 3006 1273 3063 auliaaliirnratione
1284 3006 1497 3077 dicitur,boruar
1508 3019 1597 3068 autem
1608 3013 1642 3069 ad
1653 3015 1805 3075 seinvicem

120 3112 124 3118 ’
171 3103 227 3162 sica
253 3103 405 3160 Aristotelis
423 3105 555 3169 doctrinm,
570 3106 640 3162 etin
657 3105 768 3162 muralis
784 3104 963 3178 philosophiae
1016 3099 1205 3168 complexione
1214 3099 1359 3157 affirmatio
1370 3100 1410 3160 fil.
1421 3101 1554 3160 Retenitu
1565 3106 1588 3162 si
1596 3109 1752 3180 iungaamr,
1768 3111 1809 3170 al·

171 3196 323 3267 cognitione
333 3198 453 3267 perutilis
465 3209 518 3263 εει,
529 3198 600 3268 quod
610 3213 656 3268 per
669 3198 774 3269 singula
789 3200 962 3255 currentibus
975 3175 1001 3242 G
1015 3190 1194 3249 firmationem
1202 3192 1277 3248 nullo
1287 3192 1368 3248 modo
1379 3194 1531 3264 perficiunt,
1540 3197 1684 3260 aldrmatio
1691 3217 1807 3277 nauaque

171 3288 258 3360 magis
282 3289 403 3359 liquebit.
437 3289 570 3357 Quocirca
594 3289 629 3344 de
649 3290 746 3348 ordine
771 3306 878 3363 quoque
902 3290 964 3348 libri
1016 3284 1045 3340 iu
1061 3284 1185 3341 oratione
1193 3293 1244 3340 est.
1261 3284 1392 3354 Quocirca
1405 3286 1431 3342 si
1443 3289 1652 3359 praedicamenta
1663 3293 1757 3365 iuncta
1768 3298 1810 3355 ia.

172 3382 252 3453 hujus
263 3381 357 3439 eadem
372 3382 443 3438 ratio
454 3389 506 3439 eu.
534 3381 601 3436 llam
623 3382 750 3452 quioniam
763 3397 807 3438 res
827 3382 965 3454 simplices
1019 3377 1093 3433 ciunt
1103 3376 1310 3434 albrmationom
1322 3377 1478 3450 (affirmatio
1491 3396 1556 3438 vero
1570 3399 1624 3441 non
1639 3386 1692 3443 nisi
1705 3386 1733 3444 itt
1746 3404 1811 3447 ora·

173 3475 328 3544 compositis
340 3484 435 3532 natura
452 3475 644 3544 primosum,
658 3491 720 3545 quae
730 3475 802 3531 enim
816 3475 965 3548 composita
1018 3471 1092 3526 tione
1104 3479 1158 3536 est.
1168 3486 1228 3540 ‹ttae
1239 3471 1486 3543 sutemiouguntur
1500 3483 1531 3530 ut
1543 3475 1685 3535 affirmatio
1698 3480 1754 3548 dat,
1771 3482 1812 3543 bre

174 3579 247 3637 sunt,
259 3584 293 3625 ex
311 3568 479 3639 simplicibus
493 3578 702 3640 componuntnr.
720 3567 769 3624 llic
788 3569 915 3640 quoniam
931 3566 966 3624 de
1018 3572 1083 3620 sunt
1093 3563 1467 3640 resumsignilicantesvoees)
1478 3566 1750 3637 predicamentorutn
1762 3583 1813 3633 tra,

174 3662 340 3734 simplicibus
364 3662 473 3718 rectum
496 3676 541 3717 res
571 3660 784 3731 significantibus
803 3661 965 3730 disputatur,
1019 3667 1107 3713 etatus
1117 3655 1670 3730 nonderebus,seddevocibusest;ntale
1680 3665 1761 3737 igitur
1771 3668 1813 3728 vel

174 3757 323 3822 secrrndum
335 3754 419 3824 ipsius
430 3753 613 3823 simplicitatis
635 3754 811 3825 principalem
830 3763 965 3820 staturam,
1019 3751 1053 3806 dc
1064 3750 1144 3807 rebus
1155 3750 1197 3807 rel
1208 3765 1297 3806 rerum
1305 3752 1451 3823 generibus
1462 3753 1666 3826 inscripserunt.
1678 3759 1813 3826 dnnotant

162 3850 280 3920 ‘primm
292 3847 337 3901 liic
353 3846 505 3902 Arismtclis
517 3847 585 3903 liber
599 3845 788 3902 inchoantibus
809 3846 965 3904 addiscitur.
1019 3842 1064 3898 aiii
1081 3844 1152 3900 bunc
1166 3844 1261 3899 librum
1276 3843 1418 3915 legendnm
1434 3855 1498 3900 ante
1512 3845 1630 3930 Turpius,
1649 3853 1720 3921 quod
1734 3853 1821 3912 nimis
1842 3922 1844 3925 ¹

178 3940 236 3996 ileo
255 3936 319 3992 iliud
334 3937 389 3992 lere
402 3937 512 3992 dubium
527 3948 577 4005 est,
590 3939 624 3995 ad
641 3953 720 4011 quam
736 3947 838 4008 partem
850 3938 969 4008 plriloso·
1020 3932 1165 3989 absurdum
1180 3942 1232 3988 est.
1246 3933 1301 3988 Cur
1315 3934 1387 3989 enim
1408 3948 1461 3988 non
1488 3935 1574 4005 magis
1596 3948 1659 3995 ante
1682 3939 1814 4012 Physica!

178 4035 250 4107 plriae
263 4033 344 4104 liujus
357 4030 417 4088 libri
432 4031 543 4088 dueatur
565 4033 698 4099 intentio,
725 4030 827 4086 idcirco
841 4031 967 4101 quoniam
1020 4025 1097 4096 quasi
1111 4039 1175 4079 vero
1189 4023 1277 4078 minor
1301 4022 1380 4093 liujus
1401 4024 1438 4079 sit
1464 4023 1527 4095 libri
1542 4040 1607 4081 usus
1628 4027 1655 4082 in
1675 4027 1809 4101 Pbysicts,

177 4127 222 4198 qui
236 4126 270 4183 de
282 4125 465 4197 significativis
479 4124 591 4183 vocibus
604 4129 710 4188 tractat,
723 4122 848 4179 derebus
862 4138 970 4194 quoque
1019 4129 1081 4171 cum
1094 4113 1171 4184 primi
1187 4112 1349 4170 Rtsblttbrii
1364 4121 1428 4169 tute
1451 4111 1551 4184 Topica
1565 4115 1700 4189 legantur,
1714 4128 1741 4177 et
1751 4129 1814 4180 aute

178 4230 220 4277 est
233 4221 402 4291 aliquatenus
420 4227 593 4275 tractaturus.
605 4217 659 4273 iles
673 4214 773 4273 ειειιίιιι
785 4223 812 4270 ει
826 4230 918 4272 rerum
933 4215 969 4271 si·
1022 4207 1123 4278 primm
1149 4203 1814 4300 Rei⁰¹t¹¹01i⁰⁸Peribetm⁰nietliberadoogni·

179 4313 315 4384 gniuoauo
325 4313 417 4383 parocia
431 4321 482 4381 est,
500 4311 548 4369 sed
565 4311 739 4382 principabor
753 4309 806 4365 erit
819 4309 863 4365 tm
878 4308 971 4379 dispii·
1022 4301 1123 4358 tionem
1134 4301 1224 4358 veniat
1236 4300 1398 4368 inchoantis,
1416 4317 1464 4358 ear
1476 4305 1620 4378 nonmagis
1632 4306 1703 4365 inune
1716 4307 1827 4368 tibrimi

180 4407 246 4462 ιειιο
258 4405 361 4476 qubus
375 4404 547 4461 sermonibus
558 4412 616 4460 cst:
631 4401 752 4458 secundo
771 4416 837 4456 sero
851 4401 911 4457 loro
924 4399 970 4456 illa
1022 4396 1064 4451 vel
1078 4406 1141 4453 ante
1150 4395 1378 4462 Peribermenias,
1390 4398 1434 4453 vel
1448 4407 1512 4455 autc
1527 4398 1711 4461 llesnlutorios
1721 4404 1816 4465 inscri-

181 4512 241 4569 quae
254 4497 289 4554 de
317 4508 417 4554 rerum·
432 4497 538 4553 rationo
561 4495 700 4552 iormatur.
729 4494 818 4561 Quare
840 4493 967 4562 quoniam
1024 4487 1152 4559 pserunti
1177 4486 1266 4553 Quare
1288 4488 1453 4559 repudianda
1475 4498 1517 4547 est
1535 4491 1719 4562 inscriptionis
1738 4496 1816 4555 istius

181 4591 269 4646 omnis
280 4605 324 4647 ars
337 4591 422 4663 logica
445 4589 617 4646 decretione
631 4596 683 4655 εει,
698 4596 725 4644 ει
736 4587 762 4642 in
779 4587 923 4656 lincopere
937 4585 972 4643 do
983 4563 1011 4626 Ῑ)
1023 4595 1131 4652 quoque
1142 4581 1200 4648 ipsa
1214 4581 1360 4645 sententia,
1380 4579 1577 4654 dicendumque
1594 4592 1638 4642 est
1653 4604 1659 4639 :
1682 4588 1814 4655 Quoniam

182 4683 291 4740 roribus
301 4683 484 4753 principaliter
505 4690 639 4742 inustor
661 4682 825 4753 (quanquam
843 4681 915 4738 enim
936 4681 972 4736 sit
1025 4685 1116 4725 '0¹⁰¹ss
1128 4669 1216 4738 ‘lilim
1231 4667 1325 4723 decem
1341 4680 1648 4739 80b012⁸⁰⁰¹o¹¹000⁵⁸0
1661 4675 1816 4745 subducent

182 4770 261 4846 injus
279 4777 336 4832 libri
364 4777 461 4832 relatio
485 4777 519 4831 ad
548 4786 660 4832 tuleras
672 4788 779 4847 quoque
793 4771 972 4844 pbilosopbim
1024 4773 1200 4832 l⁰⁰i⁰⁰0S⁸⁰
1213 4757 1350 4830 ⁸5¹⁰l)lices
1362 4773 1454 4827 l⁰⁰0⁸o
1468 4774 1528 4831 (luae
1541 4760 1575 4818 (¹⁰
1589 4766 1718 4838 subiectis
1734 4772 1817 4830 rebus

181 4868 293 4942 partes).
308 4870 491 4941 principaliter
502 4879 592 4924 tamen
607 4866 723 4924 refertur
746 4865 779 4921 ad
798 4866 922 4937 logicam,
937 4863 971 4921 dc
1024 4852 1179 4909 (liberentur
1191 4868 1199 4907 ²
1211 4864 1291 4907 ⁰¹¹¹¹¹0
1305 4852 1377 4906 enim
1388 4850 1459 4924 quod
1474 4853 1607 4927 signiueat
1626 4858 1661 4917 de
1671 4859 1759 4920 illa‘re
1773 4863 1816 4920 di·

181 4962 259 5033 cuins
272 4960 470 5033 quodammodo
484 4959 649 5033 simplicibus
661 4958 813 5026 elementis,
826 4958 852 5015 id
868 4967 920 5024 est,
937 4955 972 5012 de
1024 4951 1094 5008 citur
1104 4962 1183 5021 qnam
1200 4946 1344 5018 signifieat,
1360 4962 1425 5017 ergo
1439 4948 1626 5010 inscribendus
1640 4954 1711 5013 liber
1728 4958 1816 5015 esrde

180 5055 350 5110 sermonibus
361 5055 387 5109 in
402 5069 436 5109 co
453 5052 638 5124 principaliter
655 5049 799 5121 disputavi.
816 5047 972 5105 Aristotelis
1026 5046 1120 5102 decem
1134 5040 1361 5098 Praedicamentis.
1375 5041 1428 5099 sed
1445 5042 1512 5101 lorte
1525 5039 1676 5116 quisdicat,
1692 5049 1714 5104 si
1729 5048 1763 5105 de
1778 5052 1815 5107 si·

180 5161 246 5202 sero
261 5160 346 5217 oeque
363 5146 443 5201 ullius
457 5145 569 5201 alterius
580 5143 649 5200 liber
663 5153 715 5212 cst,
733 5141 836 5197 idcirco
849 5139 920 5211 quod
944 5139 971 5196 in
1026 5135 1215 5210 gniboantibus
1229 5148 1320 5190 rorum
1344 5134 1456 5191 vocibus
1472 5135 1530 5206 ipsa
1543 5137 1689 5207 disputatio
1698 5148 1751 5209 est,
1766 5155 1816 5201 cur

180 5238 254 5294 omni
266 5238 433 5310 pbilosopbia
446 5237 497 5294 sibi
514 5239 573 5309 ipse
595 5236 722 5308 debuine
741 5233 834 5306 operis
852 5232 974 5302 disputa-
1026 5231 1061 5288 de
1076 5227 1141 5300 ipsis
1156 5225 1274 5296 disputat
1287 5225 1390 5282 rebusi
1406 5225 1551 5284 Dicendum
1563 5237 1613 5294 est,
1627 5229 1752 5300 quoniam
1768 5221 1817 5290 res⁴

181 5330 257 5386 tione
275 5332 419 5395 consentit,
434 5341 462 5386 et
475 5331 594 5387 brevitas
608 5328 666 5399 ipsa
684 5336 764 5398 atque
779 5324 915 5381 mbtilitas
939 5323 974 5381 ab
1027 5338 1134 5395 semper
1152 5334 1213 5376 cum
1230 5319 1337 5390 propria
1365 5321 1561 5392 signiticationo
1574 5321 1728 5391 conjunctae
1741 5332 1814 5394 sunt,

179 5419 330 5481 Aristotele
342 5434 395 5475 non
409 5420 554 5491 discrepat,
565 5421 664 5492 alioqui
680 5420 859 5488 interruptum
872 5415 972 5486 imper·
1027 5431 1054 5479 ει
1067 5415 1196 5490 qrridquid
1209 5414 1236 5471 in
1259 5430 1302 5471 res
1316 5415 1398 5481 venit,
1423 5414 1474 5472 lioc
1493 5415 1564 5473 idem
1587 5414 1615 5471 in
1633 5429 1724 5472 rerum
1738 5431 1819 5475 voca.

177 5499 339 5581 'leetrrmque
352 5525 421 5581 opus
434 5512 551 5571 edidisse
560 5512 697 5568 vitiaretur
709 5511 754 5582 qui
767 5509 802 5564 de
814 5503 977 5579 subcubuit
1029 5511 1098 5569 bulis
1110 5505 1244 5563 invenitur
1258 5520 1266 5559 a
1281 5518 1364 5575 quare
1380 5513 1453 5561 recte
1467 5507 1501 5560 de
1516 5498 1656 5562 vocabulis
1666 5506 1818 5582 disputans,

181 5604 328 5668 scriberet,
344 5603 365 5659 si
380 5611 428 5658 ant
440 5603 473 5659 de
492 5603 722 5675 propositionibus
746 5598 975 5673 praetermisisset,
1029 5599 1219 5676 proprietatem
1241 5594 1444 5664 significantium
1469 5610 1567 5654 vocum
1593 5598 1628 5656 de
1651 5597 1694 5654 bis
1709 5617 1769 5675 quse
1781 5601 1821 5660 si.

183 5697 277 5755 autde
290 5695 386 5770 primis
399 5695 511 5752 vocibus
531 5702 684 5763 tractatum,
707 5693 805 5767 quibus
828 5690 893 5764 ipsae
916 5705 977 5762 pro·
1029 5688 1233 5765 gnillcabnntur,
1253 5682 1280 5738 id
1301 5692 1343 5740 est
1356 5684 1391 5743 dc
1404 5686 1485 5745 rebus
1504 5689 1658 5761 assrimpsit.
1683 5683 1741 5753 Erit
1761 5692 1820 5752 alia

183 5788 332 5853 multones
348 5787 533 5849 continentur.
545 5785 691 5845 omitteret.
717 5787 874 5853 Quianquam
889 5791 976 5843 castet
1029 5795 1135 5854 pioque
1148 5778 1262 5835 iuuetis
1275 5776 1406 5846 questio:
1420 5776 1472 5837 cur
1485 5793 1549 5842 cum
1564 5783 1608 5842 bio
1621 5782 1769 5848 orationem
1786 5782 1819 5845 ln
