3946 6186
162 295 229 352 leit
733 294 770 351 ot.
792 294 996 352 lttttttttlttcAE
1015 293 1241 351 coctionibus.
1716 294 1782 353 tale

158 410 251 479 gratiis
266 410 292 464 iu
314 409 537 465 bibliothecarum
557 408 647 462 irruitis
661 424 739 460 ιιιιιιιι
761 408 859 476 scriptu
875 408 945 462 dcli-
960 409 985 468 Α
999 422 1058 476 qum
1070 416 1110 460 est
1123 416 1231 476 propter
1243 409 1344 466 codic's
1361 411 1495 468 deiectum
1511 380 1655 481 acephala:
1673 391 1785 470 ibidem·

159 511 274 557 regrum,
292 502 330 557 ne
353 502 395 557 tiis
411 512 499 557 tamen
526 502 689 555 manitatem
709 501 830 555 iecerunt
844 501 943 555 biblio·
999 514 1050 567 que
1061 499 1192 566 incipiunt
1203 503 1355 558 aristotelis
1366 507 1509 575 categoriae
1519 504 1611 561 [loetio
1623 509 1779 576 interprete.

159 595 274 664 graptri,
290 610 402 663 quouun
424 595 588 664 diligentiam
615 595 707 648 Petrus
722 595 826 649 [lortius
841 595 866 647 in
881 609 946 664 pro·
1000 589 1029 644 P.
1046 591 1090 654 st,
1107 594 1265 648 Aristoteles
1288 599 1347 672 περι
1370 598 1502 670 ἑρμηνείας
1518 597 1610 652 lloetio
1624 598 1684 650 item
1701 595 1782 651 iuter-

160 686 346 757 legomeuisad
361 687 516 740 boetianum
526 685 559 739 de
572 683 749 754 Philosophiae
764 685 948 738 consolatione

159 793 226 848 opus
242 779 310 833 baud
334 778 389 831 scio
412 793 444 830 au
462 777 649 845 superaverit,
670 777 720 830 etsi
743 792 777 831 ne
796 777 818 831 is
840 770 946 846 quidem

158 879 256 926 cuncta
270 871 415 923 annotavit.
434 867 489 936 Ego
502 883 564 921 reru
577 869 702 938 antiquus
712 868 819 921 codices
830 867 947 921 lustrans

160 963 224 1015 nibil
240 962 284 1014 diu
296 961 449 1013 boetianum
466 960 595 1014 ineditum
612 960 849 1023 rieprclieudebam
860 975 868 1014 z
881 968 946 1013 'nam

160 1053 280 1108 Vaticani
294 1053 416 1115 codices,
442 1052 627 1121 qui'permulti
646 1053 768 1106 boetium
790 1053 947 1117 continent,

160 1161 194 1199 ue
209 1145 280 1198 illam
295 1143 403 1215 quidem
428 1144 549 1198 lacunam
565 1143 689 1212 expleat,
705 1159 756 1212 qua
774 1142 877 1197 laborat
889 1141 948 1196 edi·

160 1251 202 1294 tus
213 1239 295 1293 lloetii
305 1238 338 1292 ad
349 1238 485 1292 Ciceronis
497 1236 595 1306 Topica
605 1236 822 1290 momentarius.
831 1233 949 1289 Tandem

161 1346 226 1385 vero
236 1331 377 1401 aliquando
393 1339 560 1400 perveterem
575 1330 694 1384 codicem
710 1340 803 1385 nactus
819 1320 890 1397 sum,
905 1332 950 1398 qui

160 1421 214 1475 iluo
239 1422 338 1476 inedita
364 1428 418 1475 tarn
441 1422 562 1490 praeclari
577 1421 716 1489 scriptoris
731 1421 859 1492 opuscola
886 1420 950 1475 milri

162 1511 275 1580 largitus
295 1521 346 1567 est.
368 1513 377 1529 ⁹
480 1504 481 1508 ’

999 693 1084 754 prete.
1098 685 1126 739 ι’.
1141 686 1187 751 88,
1198 685 1336 742 Ciceronis
1350 688 1459 758 Topica.
1475 689 1505 742 P.
1523 690 1585 754 llil,
1605 675 1689 743 Boetii
1703 686 1785 757 Τιρι-

999 790 1091 829 carum
1118 774 1333 831 Differentiarum
1358 779 1417 832 iibri
1429 787 1554 848 quatuor.
1571 782 1600 833 ι’.
1618 781 1682 840 ιιι.
1699 781 1787 836 lutro-

1000 866 1133 920 doctionts
1157 869 1183 920 iu
1197 867 1367 936 categoricos
1391 869 1568 940 syllogismos
1585 871 1644 926 libri
1665 872 1728 926 duo.
1755 873 1784 926 P.

999 959 1067 1026 ooo,
1084 958 1122 1013 De
1137 958 1321 1030 ilypotbeticis
1336 961 1505 1032 syllogismis
1520 964 1579 1015 libri
1597 977 1661 1017 tres.
1677 964 1706 1017 P.
1725 965 1786 1030 tot,

996 1047 1273 1108 ‘triumvirorum
1290 1053 1321 1107 r.
1333 1038 1407 1119 ιιι,
1425 1054 1505 1109 ιιι
1521 1052 1710 1109 resarsurum
1727 1055 1789 1112 urc-

1002 1146 1092 1198 toriui.
1104 1144 1134 1197 P.
1145 1143 1208 1210 bot,
1218 1161 1250 1198 oe
1262 1159 1421 1200 utterotuce
1435 1147 1611 1201 coasurrour.
1624 1145 1654 1199 P.
1666 1145 1729 1209 ιιι,
1746 1162 1791 1200 ιο·
1817 1156 1821 1163 ’

996 1230 1088 1292 ¹conou
1103 1251 1310 1291 aueroutconou
1326 1232 1482 1292 otsrtucrross
1500 1237 1530 1290 P.
1552 1235 1619 1303 ste,
1635 1237 1716 1291 liber
1728 1247 1791 1293 auto

1002 1329 1219 1399 praedicamenta.
1780 1397 1782 1401 y

1038 1419 1148 1488 iusuper
1161 1421 1292 1474 scrutanti
1307 1421 1370 1474 urilii
1387 1421 1541 1486 boetianas,
1555 1429 1582 1473 ut
1597 1419 1665 1487 dixi,
1681 1420 1789 1475 codices

1001 1521 1118 1565 mentem
1143 1525 1197 1580 prae
1221 1506 1525 1580 caeteris'perretustus
1548 1499 1656 1580 quidam
1676 1511 1788 1575 delirit,

197 1605 282 1659 Porro
298 1606 331 1659 de
342 1604 438 1659 borum
454 1605 609 1661 sinceritate
626 1621 658 1661 ne
678 1605 851 1670 dubitarem,
877 1606 951 1660 testis
1002 1600 1101 1655 smcrrlo
1113 1600 1223 1656 lermex
1241 1597 1366 1670 scriptos,
1382 1603 1464 1657 codes
1478 1602 1511 1657 de
1526 1598 1706 1671 Philosophiae
1718 1603 1788 1657 Con-

162 1695 247 1750 adiuit
261 1697 367 1765 utrique
390 1696 567 1753 lucubrationi
594 1697 750 1768 sigebertus
774 1698 952 1753 Gembbucen·
1002 1693 1144 1756 solatione.
1163 1706 1285 1748 nontam
1306 1694 1342 1748 ob
1355 1696 1461 1763 egregia
1475 1704 1502 1749 ct
1516 1703 1605 1749 veteru
1627 1694 1660 1748 ad
1681 1692 1708 1748 id
1721 1708 1789 1763 apris

163 1791 215 1855 sis,
228 1789 371 1860 cujuscap.
383 1791 427 1855 at,
443 1792 498 1845 baec
510 1793 590 1845 verba
602 1792 737 1860 legebam:
755 1789 859 1844 Baetim
872 1795 951 1859 (pru-
999 1778 1103 1840 ¹sclrolia
1119 1786 1244 1840 notabilis
1259 1786 1405 1856 (rrauilrue
1419 1799 1605 1853 saepenumero
1623 1785 1649 1838 iu
1664 1791 1730 1839 mss.
1743 1785 1789 1838 ocss

162 1892 204 1938 ιιι
224 1882 330 1954 caetera)
350 1885 381 1938 de
392 1877 544 1953 cognatione
564 1883 705 1936 dialectico
719 1892 742 1937 at
757 1884 904 1945 rhetoricae,
927 1891 950 1936 et
1003 1885 1123 1946 currunt)
1135 1895 1214 1944 quam
1229 1878 1264 1932 ob
1280 1878 1414 1947 prolixum
1435 1876 1577 1946 quemdam
1595 1875 1740 1930 etdoctum
1756 1874 1789 1930 ad

164 1970 325 2026 distinctione
335 1972 519 2026 rhetoricorum
534 1973 647 2026 lacerum
663 1968 776 2041 ¹scripsit.
791 1972 823 2026 Et
835 1972 951 2026 ucrcabu·
1004 1969 1103 2038 aiiquot
1120 1969 1342 2045 Bnetiauioperis
1354 1971 1473 2024 carmina
1485 1970 1723 2033 commentarium,
1737 1968 1789 2021 tta·

164 2063 218 2117 lum
242 2063 349 2133 quidem
371 2064 513 2118 dialectica
533 2080 546 2117 a
568 2063 708 2133 sigeberto
729 2064 772 2119 ιιι
789 2065 883 2133 equoris
900 2065 953 2118 alio
1003 2061 1065 2114 voni
1078 2060 1190 2115 'antistiti
1204 2062 1330 2129 missum,
1345 2071 1521 2133 tyronumque
1534 2062 1604 2129 loce,
1623 2069 1651 2115 ιιι
1663 2075 1721 2115 mea
1739 2060 1791 2114 lert

163 2154 303 2209 obtrusum
317 2163 359 2210 est
375 2172 382 2208 ι
398 2156 495 2210 etenim
512 2156 604 2209 titulus
617 2157 667 2209 mei
681 2156 782 2211 codicis
795 2168 822 2211 et
835 2171 879 2210 res
893 2157 950 2226 ipsa
1005 2152 1105 2223 opinio,
1130 2152 1208 2220 plane
1222 2152 1343 2223 dignum.
1365 2152 1433 2207 Tres
1455 2161 1543 2208 autem
1559 2151 1667 2207 luerunt
1691 2152 1791 2205 seculo

163 2246 190 2301 id
204 2255 348 2317 respuunt3
374 2247 407 2303 de
430 2260 529 2302 caetero
552 2247 685 2316 sigeberti
709 2248 852 2303 allirmatio
868 2250 951 2303 reris·
1003 2245 1109 2302 decimo
1123 2246 1246 2301 llouones
1257 2245 1367 2301 abbates
1392 2246 1549 2301 ntonasterii
1572 2260 1649 2300 noum
1671 2244 1792 2300 corbeia

164 2338 231 2393 sima
253 2346 304 2393 est.
322 2338 380 2393 iarn
402 2354 462 2394 cum
488 2340 617 2409 sigeberti
634 2340 814 2394 testimouium
835 2340 902 2395 adeo
917 2341 953 2394 sit
1004 2340 1038 2394 ad
1061 2337 1198 2411 Visurgim
1214 2339 1312 2395 llumeu
1337 2341 1364 2395 in
1391 2341 1520 2406 sarioua,
1539 2349 1567 2393 ut
1583 2339 1752 2395 liabillonius
1765 2341 1792 2396 ia

163 2430 292 2496 euidens,
317 2431 400 2485 miror
413 2446 479 2486 caue
491 2431 668 2486 l'ritbemium
685 2446 744 2499 cap.
760 2431 824 2496 ιιι,
840 2432 951 2502 ejusque
1005 2435 1078 2489 Actis
1092 2445 1245 2489 sanctorum
1258 2434 1491 2489 Benedictiuorum
1504 2440 1525 2488 t.
1537 2432 1592 2498 llll,
1608 2447 1635 2502 p.
1649 2431 1716 2499 too,
1728 2414 1793 2486 dili’·

165 2521 294 2574 asseclam
310 2521 427 2575 Bertium
452 2521 528 2591 prul.
542 2522 601 2586 cit,
615 2538 628 2575 a
642 2522 738 2590 quibus
758 2522 826 2576 liber
839 2534 956 2578 tautum·
1004 2536 1098 2596 genter
1113 2534 1215 2580 narrat.
1230 2525 1289 2579 lam
1304 2523 1415 2580 secundi
1431 2525 1547 2579 Boronis
1564 2532 1684 2594 tempore
1703 2523 1793 2579 lloruit

167 2613 247 2667 ruodo
256 2613 288 2668 de
298 2613 374 2667 Lacia
389 2615 522 2668 rbetaricir
533 2622 768 2669 commemoratur.
785 2614 817 2668 Et
829 2616 954 2685 quoniam
1008 2616 1113 2672 Brunus
1127 2616 1154 2670 iu
1169 2630 1238 2670 nora
1257 2614 1370 2670 Corbeia
1384 2616 1542 2671 monachos.
1557 2617 1623 2684 Quia
1641 2632 1705 2672 vero
1719 2630 1793 2671 eoru-

168 2704 285 2760 Bertium
302 2721 447 2776 coarguere
460 2710 538 2774 eoepi,
553 2709 639 2763 dicam
655 2709 775 2776 iusuper,
792 2710 859 2765 laiso
872 2711 905 2765 ab
924 2726 956 2766 co
1007 2709 1165 2774 menterius,
1182 2707 1282 2779 dequo
1294 2706 1449 2778 loquimur,
1475 2693 1575 2761 oasam
1590 2707 1624 2762 ab
1639 2716 1749 2763 auctore
1761 2707 1791 2784 Β.

170 2795 196 2848 in
210 2795 357 2865 deperditis
380 2798 463 2852 Boetii
484 2799 590 2868 scriptis
603 2799 726 2855 collocari
746 2801 840 2856 librum
854 2803 886 2855 de
900 2800 957 2856 Cir·
1007 2798 1178 2867 inscribitur,
1193 2800 1270 2854 ualde
1285 2801 1407 2868 suspicor
1423 2792 1541 2854 Bruuum
1555 2814 1616 2854 esse
1628 2809 1793 2854 commenta·

168 2887 220 2940 ruli
232 2888 396 2952 Quadratum
410 2906 419 2943 .·
434 2901 474 2945 est
488 2891 558 2946 euim
571 2892 612 2946 tric
626 2893 781 2957 Francouis,
798 2894 843 2963 qui
858 2895 957 2949 saeculo
972 2905 976 2914 ·
1008 2892 1040 2947 rii
1053 2900 1210 2962 parentem,
1227 2890 1362 2945 bovonem
1378 2880 1468 2946 autera
1491 2889 1610 2946 erasisse
1624 2890 1723 2946 deiude
1737 2891 1794 2959 epi·

170 2996 196 3034 ιι
211 2982 286 3049 sirit,
305 2982 391 3047 letus,
406 2985 450 3053 qui
465 2987 591 3053 quoniam
608 2988 633 3041 iu
645 2987 784 3042 codicibus
796 2998 856 3056 post
871 2987 956 3043 boetii
1008 2998 1130 3052 scopum.
1147 2983 1293 3048 Praeterea,
1308 2984 1378 3051 quod
1399 2983 1425 3037 iu
1443 2985 1635 3038 commentario
1650 2985 1752 3039 mentio
1765 2984 1794 3040 lit

168 3067 349 3127 Geometriam
375 3076 437 3142 poni
463 3077 549 3141 solet,
575 3086 603 3130 ut
626 3092 658 3131 ιι
684 3075 812 3132 Vaticano
839 3060 970 3148 quodam·
1008 3075 1429 3138 barbaricarum·incursionum,
1454 3074 1480 3128 id
1505 3077 1627 3145 apprime
1654 3078 1725 3129 aetati
1751 3075 1789 3131 illi

171 3166 315 3233 exemplari
327 3181 476 3237 cognosco,
494 3169 595 3224 idcirco
610 3172 884 3239 perperamanescio
899 3188 953 3240 quo
1008 3173 1140 3226 cauvenit.
1172 3170 1289 3240 Namque
1318 3169 1387 3240 apud
1426 3168 1580 3236 pradictum
1611 3169 1793 3227 blabilloniom

170 3261 337 3328 properantis
352 3263 419 3315 oculi
438 3262 537 3316 lectore
550 3264 582 3316 ad
599 3264 718 3317 boetium
729 3275 770 3318 est
784 3265 943 3320 translatus·
1018 3273 1038 3322 t.
1055 3267 1096 3331 tt,
1112 3281 1137 3336 p.
1153 3265 1214 3328 tao.
1231 3263 1348 3318 Adamas
1366 3262 1515 3317 Bremeusis
1527 3272 1639 3317 tractum
1652 3264 1795 3334 quemdam

170 3352 247 3420 isque
259 3367 335 3406 error
346 3353 372 3407 in
386 3353 500 3407 aliorum
516 3355 703 3422 narrationes,
719 3365 748 3409 ut
762 3355 801 3416 ιιι,
818 3356 952 3427 migrarit.
1013 3361 1131 3416 historiae
1145 3359 1216 3430 (quae
1228 3357 1283 3427 jam
1298 3354 1443 3422 intercidit)
1458 3354 1554 3409 recitat
1566 3367 1675 3411 auctore
1687 3356 1795 3412 Bouana

204 3443 261 3515 alge
272 3459 336 3499 vero
350 3446 455 3513 nobilis,
470 3457 497 3501 et
512 3446 628 3502 sortasse
645 3449 749 3512 ruricus,
766 3450 812 3516 qui
826 3451 883 3505 licea
903 3451 956 3506 duo
1009 3453 1163 3510 corbeiensi
1185 3451 1297 3516 abbate,
1315 3447 1361 3517 qui
1374 3448 1406 3503 de
1422 3447 1503 3502 rebus
1524 3448 1565 3502 sui
1592 3449 1720 3519 temporis
1731 3450 1795 3504 scri·
1821 3477 1822 3481 ,

112 3611 114 3615 Ι
170 3536 298 3602 opuscula
309 3538 559 3604 euriservatemlex,
574 3539 728 3607 paginarum
744 3539 797 3596 boe
810 3549 861 3603 est,
874 3557 957 3598 mem·
1011 3544 1088 3607 bens,
1108 3543 1148 3597 sic
1171 3541 1274 3595 aiebat:
1300 3537 1364 3594 Cum
1383 3537 1511 3593 modernis
1537 3540 1690 3612 temporibus
1711 3542 1795 3611 grauia

172 3627 296 3692 bruneus,
310 3629 411 3682 saeculo
424 3630 533 3685 circiter
548 3647 574 3685 ιι
589 3633 716 3699 scriptus,
731 3635 808 3703 cuijus
824 3636 881 3690 ltaec
893 3651 958 3690 cun·
1012 3638 1176 3690 barbarorum
1188 3634 1297 3702 irrriptio
1318 3635 1345 3687 iu
1359 3634 1427 3688 urrini
1448 3649 1511 3702 pauc
1534 3631 1694 3688 Francorum
1718 3651 1795 3706 regno

170 3719 282 3774 tinentia
296 3730 345 3776 est.
361 3722 588 3793 urgueretur
603 3726 629 3778 in
645 3725 825 3798 Porphyrium
840 3729 957 3798 isagoge,
1013 3726 1217 3779 debaccharetur.

1258 3868 1790 3887 ——-——-——--—

455 4039 458 4044 .
528 3973 655 4078 ΑΝ.
688 3975 926 4080 multe.
969 3974 1146 4080 SEV·
1187 3972 1449 4075 Bottrlr

190 4213 193 4222 ·
256 4288 264 4307 .
314 4177 675 4264 srecoearto
711 4182 792 4265 on
828 4176 1230 4265 subruentem
1267 4176 1663 4264 coouarrouu.

207 4341 231 4393 l.
252 4341 353 4407 Quanta
368 4342 475 4396 sibimet
489 4357 532 4396 ars
547 4344 677 4397 rlretorica
691 4343 849 4412 cognatione
861 4342 955 4412 junga-
1005 4340 1112 4410 Species
1125 4347 1211 4393 autern
1235 4336 1333 4392 idcirco
1348 4349 1411 4394 suut
1423 4354 1489 4409 quas
1511 4341 1636 4409 superius
1651 4356 1793 4401 enumera·
1821 4398 1822 4402 ,

171 4439 224 4493 ιιι,
246 4446 298 4482 uon
321 4431 395 4486 lacile
409 4434 570 4488 considerari
586 4445 690 4503 potest;
710 4434 808 4502 uirque
822 4435 955 4488 estetiam
973 4435 1113 4507 Dvirnus,
1135 4430 1258 4499 quoniam
1274 4430 1300 4483 iu
1325 4431 1366 4484 bis
1391 4439 1445 4484 tota
1462 4433 1595 4486 rlretoriea
1617 4444 1667 4489 cst.
1688 4436 1792 4506 Integra

171 4530 200 4572 ιιι
216 4521 307 4573 auditu
332 4522 505 4577 animadverti
519 4532 613 4592 queat,
639 4508 736 4579 nedum
756 4527 790 4579 sit
810 4524 888 4579 laciie
911 4539 956 4578 re·
1009 4523 1080 4579 enirn
1096 4522 1136 4575 ris
1150 4528 1191 4575 est
1206 4520 1346 4575 rhetoricae
1357 4521 1383 4574 iu
1392 4521 1510 4590 judiciali
1525 4538 1623 4592 genere
1637 4538 1796 4591 causaruiu;

171 4621 257 4678 perta.
281 4610 363 4680 Cujus
377 4613 484 4682 quidem
500 4615 538 4668 rei
553 4630 670 4669 errorem
686 4615 769 4670 divisa
790 4617 823 4669 de
845 4617 958 4686 siugulis
1009 4617 1111 4683 integra
1125 4614 1151 4667 in
1171 4613 1381 4667 demonstrativo
1396 4613 1438 4667 rel
1460 4613 1644 4669 deliberativo.
1665 4617 1718 4671 Sed
1736 4619 1793 4675 bae

171 4702 316 4769 disputatio
331 4716 523 4773 praeceptorum
534 4715 607 4760 creat
625 4723 631 4757 :
656 4707 689 4760 de
704 4721 863 4775 unoquoque
883 4707 955 4761 enim
1005 4707 1104 4777 genera
1125 4714 1186 4759 suut
1199 4717 1361 4767 causarum
1378 4717 1471 4758 omues
1483 4707 1554 4760 euim
1578 4721 1664 4762 cauere
1679 4711 1718 4763 vel
1732 4724 1793 4779 spe·

172 4793 349 4860 precipiunt,
375 4797 439 4850 nibil
467 4795 500 4849 ιιι
522 4797 658 4851 ιιιιιιιιιιιιι
684 4797 847 4852 laborantes.
871 4799 955 4863 Quam

172 4893 272 4952 partem
288 4886 417 4941 doctrinm
437 4903 562 4954 vacuam,
583 4898 610 4942 ut
633 4902 788 4956 possumus,
818 4888 956 4958 aggredia-

171 4993 240 5033 mur.
258 4980 380 5035 Dicemus
403 4982 482 5051 igitur
496 4982 530 5036 de
542 4996 640 5051 genere
653 4983 732 5044 artis,
761 4990 788 5034 et
807 4981 840 5036 de
854 4981 957 5050 specie·

171 5066 231 5132 bus,
249 5072 376 5139 partibus,
392 5075 577 5135 iustrumeuto,
590 5072 810 5139 instrumentique
824 5071 954 5139 partibus,

171 5164 355 5229 opereetiam,
379 5162 520 5232 cilicioque
539 5163 665 5231 auctoris,
692 5174 718 5217 et
734 5163 797 5218 siue.
823 5165 953 5231 Quocirca

171 5254 234 5323 quid
250 5257 274 5309 iu
296 5271 438 5310 continuae
453 5255 641 5325 speculandum
657 5265 709 5322 est,
727 5257 789 5311 iiiuc
804 5256 953 5313 disserendi

170 5357 304 5400 annuamus
318 5346 467 5401 exordium.

205 5437 232 5492 ι.
258 5437 408 5493 ιιιιιοιιιι
424 5442 501 5508 igitur·
523 5455 605 5510 genus
628 5450 669 5495 est
693 5440 823 5508 iacultas;
851 5443 955 5511 species

170 5541 234 5583 rcro
257 5539 323 5596 tres,
335 5531 463 5600 judiciale
479 5540 507 5595 ι,
532 5531 780 5597 demonstrativum,
802 5532 954 5588 deliberati-

170 5631 241 5674 vum.
259 5621 384 5689 Etgenus
397 5619 502 5690 quidem
517 5620 542 5673 id
556 5635 615 5674 esse
636 5621 705 5690 qrrod
719 5623 845 5690 diximus,
870 5631 954 5694 patet.

152 5724 160 5742 ⁸
206 5739 219 5766 ⁸
238 5729 275 5786 lta
292 5731 407 5799 loquitur
419 5738 512 5783 auctor
526 5730 606 5783 etiam
619 5727 648 5783 ll.
665 5731 710 5785 ll.

1007 4797 1145 4852 cialesrel
1168 4795 1311 4850 individuae
1334 4797 1384 4848 sub
1406 4797 1500 4848 borum
1526 4812 1607 4851 unum
1624 4799 1796 4870 triumgeue-

1007 4902 1068 4941 rum
1082 4887 1200 4942 eadam:
1224 4896 1250 4939 ut
1265 4888 1314 4941 sub
1326 4885 1451 4954 judiciale
1470 4887 1579 4955 quidem
1602 4891 1742 4955 speciales,
1768 4903 1797 4945 ut

1009 4979 1156 5050 majestatis
1183 4979 1226 5034 uel
1251 4978 1473 5048 repetundarum,
1501 4978 1644 5034 individuae
1669 4997 1743 5047 tero,
1769 4997 1798 5036 ut

1008 5070 1125 5126 Cornelii
1149 5070 1304 5141 majestatis,
1325 5069 1368 5124 ιιι
1393 5070 1484 5124 Verris
1508 5074 1723 5139 repetundarum.
1746 5073 1798 5128 Ca·

1008 5162 1075 5215 daut
1090 5161 1139 5216 sub
1152 5161 1352 5217 deliberativum
1367 5176 1430 5216 reto
1451 5177 1616 5232 quaecuuque
1630 5178 1717 5218 carisa
1731 5182 1797 5220 ιιιιι-

1009 5253 1178 5307 saltationem
1208 5253 1325 5316 liabent,
1349 5262 1378 5306 ut
1399 5254 1420 5306 si
1448 5253 1600 5322 specialiter
1623 5257 1738 5326 accipias
1763 5259 1798 5312 tle

1008 5343 1080 5398 bello
1107 5343 1147 5398 rel
1175 5357 1263 5412 pace;
1293 5345 1317 5398 si
1342 5359 1406 5398 tero
1433 5345 1586 5414 individuo,
1611 5357 1639 5402 ut
1664 5350 1698 5406 de
1725 5352 1798 5407 bello

1010 5432 1103 5503 Pyrrlri
1119 5434 1159 5488 vel
1172 5450 1245 5503 pace.
1263 5434 1363 5489 Eodem
1375 5435 1548 5494 modoetiam
1564 5439 1589 5491 iu
1608 5439 1799 5498 demonstrati·

1009 5526 1049 5579 uis
1058 5526 1341 5595 quaecuuqueveuiunt
1352 5528 1379 5580 in
1391 5527 1497 5583 laudem
1509 5538 1537 5584 et
1548 5529 1772 5600 vituperationem
1788 5550 1796 5591 ι

1010 5626 1040 5674 ιιι
1064 5617 1087 5672 si
1117 5617 1276 5688 specialiter,
1305 5627 1334 5672 ut
1360 5618 1417 5674 laus
1445 5619 1493 5675 riri
1522 5620 1617 5689 lortis;
1651 5624 1794 5682 ιιιιιιιιιιιιι
