3946 6186
161 340 196 397 ιι
773 337 830 394 ΔΝ.
850 337 956 397 ΙΔΝι.
976 337 1054 397 sul.
1076 336 1190 394 bouill
1772 344 1808 401 48
1859 388 1866 401 .

160 454 336 520 guberneris,
356 460 384 509 ιι
401 465 435 509 ιι
459 465 545 523 magu
567 450 660 523 specie
681 449 862 522 predicatur:
884 467 963 523 aequo
974 455 1003 517 Α
1014 452 1116 524 pristas
1129 453 1157 509 in
1170 452 1230 511 aliis
1244 456 1450 526 conconvenit,
1471 457 1523 516 ιίιι
1537 458 1564 517 irt
1577 473 1609 519 ss
1621 460 1688 534 ipsis
1702 469 1804 521 tanturn

162 540 237 606 euim
252 546 333 603 modo
344 544 478 601 dicituret
489 559 586 615 corpus
598 543 759 610 substantia,
769 554 796 601 et
809 545 958 602 auimatum
1011 543 1198 616 singulariter,
1213 546 1248 605 de
1261 547 1394 621 aliquibus
1405 551 1466 608 aliis
1481 552 1583 625 prater
1591 571 1623 613 se
1636 557 1806 629 singulariter

165 652 265 711 eorpus
277 635 438 704 substantia,
452 645 480 693 et
500 637 630 693 sensibile
646 649 744 706 eorpus
759 634 918 701 substantia,
932 643 960 691 et
1011 639 1154 712 predicari
1168 655 1222 696 non
1236 651 1361 713 pessunt.
1377 645 1562 716 ilepeteudum
1578 659 1620 706 est
1632 650 1724 721 igitur,
1734 653 1806 722 quod
1829 628 1833 640 ⁵

161 732 296 795 rationale
315 732 416 789 animal
438 733 598 797 substantia,
613 741 642 786 et
663 729 776 787 mortale
794 728 957 798 substantia,
1010 746 1092 789 omne
1114 732 1282 791 individuum
1299 735 1391 807 specie
1413 739 1577 806 continetur,
1605 743 1710 812 species
1740 758 1806 799 nero

160 836 191 887 et
205 827 287 883 bomo
302 825 464 891 substantia,
482 834 510 880 et
530 823 565 880 de
580 825 648 894 ipsis
660 825 743 880 eliam
766 823 850 895 magis
872 836 959 894 genus
1010 825 1069 897 ipsa
1083 837 1380 902 coerceturagenere,
1396 839 1519 889 etunum
1533 834 1611 905 quasi
1632 835 1750 892 omnium
1766 847 1807 893 to·

159 918 307 978 individuis
329 918 498 989 predicatur,
522 925 552 972 ut
572 916 676 973 dictum
699 924 760 972 est:
777 925 867 986 potest
884 914 958 971 euim
1010 926 1066 975 tum
1080 933 1189 992 eorpus,
1202 922 1288 994 magis
1304 916 1391 996 genus
1406 905 1458 992 est,
1473 935 1502 982 et
1518 941 1653 999 nunquam
1665 939 1706 984 cst
1724 945 1805 1000 pars:

157 1010 257 1067 Cicero
279 1008 332 1064 dici
353 1008 513 1071 substantia,
533 1007 640 1078 species
660 1022 727 1065 vero
747 1007 804 1064 sola
824 1008 858 1064 de
878 1006 958 1063 uulbs
1009 1010 1177 1070 individuum
1188 1027 1253 1071 teto
1262 1029 1325 1087 pars
1334 1027 1502 1087 semperest,
1511 1033 1647 1091 nunquam
1658 1029 1805 1080 esttotum.

160 1102 232 1170 aliis,
256 1100 309 1157 nisi
329 1100 364 1157 dc
386 1099 530 1157 indiuiduis
552 1099 724 1171 praedicatur,
747 1107 777 1155 ut
799 1099 957 1170 praedictum
1010 1102 1122 1175 Species
1133 1112 1224 1162 autem
1236 1113 1264 1163 ιι
1277 1120 1341 1178 pars
1363 1116 1391 1165 et
1405 1117 1490 1166 toturn
1510 1111 1607 1168 merito
1626 1125 1805 1186 nuncupatur,

159 1206 203 1255 est
214 1215 221 1254 :
234 1195 370 1254 individua
391 1204 482 1251 autem
498 1196 556 1265 ipsa
573 1193 608 1251 de
621 1194 696 1250 nullo
709 1193 763 1249 alic
778 1194 957 1264 praedicantur
1008 1212 1072 1254 nam
1092 1199 1126 1255 ad
1140 1213 1226 1272 genus
1238 1215 1301 1272 pars
1311 1209 1363 1271 est,
1380 1201 1418 1260 ad
1439 1203 1576 1262 individua
1592 1213 1676 1262 toturn
1690 1225 1698 1262 a
1712 1207 1807 1268 dividit

159 1293 214 1350 nisi
224 1290 259 1348 de
274 1290 350 1362 ipsis,
365 1288 391 1346 id
401 1298 445 1347 est
455 1289 579 1361 singuiis.
592 1288 693 1345 flatura
703 1296 794 1344 autem
805 1287 957 1345 individuo·
1008 1291 1083 1347 euim
1095 1307 1179 1363 genus
1191 1293 1232 1364 (ιι
1244 1293 1348 1351 (ιιιιιιι
1363 1295 1416 1368 ιιι)
1430 1305 1459 1354 ιι
1469 1296 1609 1355 individua
1624 1299 1737 1372 colligit.
1752 1301 1806 1362 Sed

158 1402 221 1445 rum
234 1386 292 1442 base
300 1394 354 1452 est,
364 1382 436 1455 quod
448 1382 625 1455 proprietates
637 1381 836 1440 individuorum
848 1381 876 1437 in
890 1382 956 1439 solit
1008 1384 1116 1457 species
1131 1400 1195 1456 pars
1209 1396 1251 1444 ιιι
1263 1387 1386 1458 alterius,
1399 1389 1427 1447 id
1441 1400 1495 1462 est,
1510 1393 1628 1463 generis,
1643 1402 1729 1452 totum
1742 1410 1807 1453 vero

158 1480 273 1553 siugulis
284 1477 431 1535 individuis
442 1485 579 1541 constant,
594 1484 622 1534 et
636 1476 663 1532 in
676 1475 756 1532 nullis
766 1477 827 1533 aliis
839 1475 956 1532 transle-
1007 1490 1116 1537 nonest
1130 1481 1226 1552 partis,
1241 1483 1290 1540 sed
1304 1485 1433 1556 partium.
1448 1486 1570 1562 Namque
1582 1504 1668 1562 genus
1682 1499 1710 1549 ιι
1723 1509 1806 1553 uuum

157 1588 265 1642 rantur,
278 1581 360 1646 atque
372 1572 435 1629 iden
447 1571 482 1629 dc
495 1572 578 1628 nullis
595 1571 656 1628 aliis
668 1571 860 1642 predicantur.
875 1570 955 1627 Cice·
1010 1582 1063 1642 est,
1075 1581 1103 1631 et
1116 1573 1206 1645 piures
1218 1576 1326 1647 species
1340 1579 1420 1636 unius
1433 1580 1485 1649 rei,
1500 1581 1528 1638 id
1542 1592 1594 1653 est,
1608 1586 1689 1642 ouius
1699 1589 1806 1660 generis

157 1670 235 1729 mula
249 1668 321 1725 eninr
336 1668 487 1739 proprietas
501 1666 644 1739 cujuslibet
657 1666 731 1722 modi
755 1665 845 1733 luerit,
867 1680 955 1736 neque
1006 1668 1111 1739 speeies
1127 1679 1255 1738 pareest.
1274 1667 1309 1726 lit
1321 1670 1450 1741 quoniam
1472 1674 1608 1733 individua
1628 1678 1706 1749 plura
1730 1690 1805 1753 suut,

156 1761 185 1820 tn
198 1760 341 1827 Catonem,
364 1772 453 1830 neque
470 1757 499 1814 in
515 1757 636 1825 Brutum,
658 1771 745 1828 neque
764 1756 791 1812 in
817 1755 961 1812 Catullum·
1006 1766 1033 1812 et
1044 1757 1148 1814 inlicita
1158 1759 1209 1815 sub
1223 1774 1277 1815 una
1290 1760 1452 1833 specieque
1474 1763 1521 1822 illa
1539 1765 1679 1825 individua
1692 1770 1805 1843 colligit,

157 1853 303 1928 aliquando
321 1853 475 1910 conveniet.
492 1853 528 1907 ιι
548 1867 613 1908 sero
637 1852 815 1923 proprietates
838 1850 956 1906 bominis
968 1841 995 1905 B
1007 1849 1112 1920 speeies
1122 1849 1166 1905 illa
1175 1866 1229 1907 uon
1238 1859 1281 1907 est
1291 1850 1371 1909 unius
1384 1861 1481 1924 totum,
1495 1856 1585 1931 idest,
1598 1873 1651 1916 non
1661 1868 1704 1918 est
1717 1863 1802 1934 partis

157 1965 218 2022 que
229 1956 293 2006 suut
305 1948 378 2006 idem
392 1947 536 2012 rationale,
550 1946 675 2011 mortale,
691 1946 806 2011 risibile,
820 1945 952 2016 pluribus,
1008 1949 1104 2006 totum,
1113 1940 1168 1998 sed
1180 1943 1365 2014 plurimorum,
1374 1945 1402 2003 id
1416 1954 1459 2003 est
1473 1949 1608 2019 partium
1624 1952 1717 2022 plures
1731 1955 1805 2015 enim

156 2051 186 2100 et
199 2043 325 2100 omnibns
340 2040 486 2100 individuis
496 2049 610 2112 possunt
626 2049 655 2096 ct
669 2040 784 2110 singulis
795 2039 953 2095 contenire.
1008 2041 1099 2103 partes
1111 2033 1162 2091 sub
1177 2049 1209 2091 ea
1224 2035 1423 2095 individuorum
1435 2050 1510 2108 sunt,
1520 2044 1636 2113 ‘quarum
1650 2056 1735 2105 totum
1748 2065 1805 2121 spe

157 2135 252 2194 Omnis
262 2136 333 2192 enim
347 2135 430 2192 bomo
441 2142 469 2189 ιι
487 2132 622 2206 sigillatim
644 2130 809 2196 individuus,
824 2140 852 2187 et
870 2128 956 2186 ratio·
1008 2125 1075 2196 cies,
1088 2124 1116 2183 id
1129 2136 1172 2184 est
1186 2128 1279 2199 bomo,
1290 2131 1452 2202 appellatur.
1460 2131 1514 2191 Sed
1524 2133 1666 2209 degenere
1677 2148 1706 2196 et
1714 2143 1806 2213 speeie
1850 2128 1855 2138 ⁸

156 2231 227 2289 palis
240 2239 292 2298 est,
308 2238 337 2286 et
348 2228 481 2295 mortalis,
492 2235 521 2284 et
531 2225 679 2293 sensibilis,
691 2236 718 2281 et
731 2222 854 2283 risibilis.
867 2227 955 2292 Atque
1006 2216 1172 2275 sufficienter
1186 2218 1287 2276 dictum
1304 2229 1357 2278 est.
1372 2222 1409 2280 m
1424 2226 1551 2295 quoniam
1574 2216 1712 2286 matutine
1732 2233 1805 2289 salu·

62 2354 65 2358 ⁴
157 2327 219 2384 tdeo
229 2325 272 2381 illa
286 2339 401 2393 quornm
412 2323 593 2394 proprietates
604 2331 717 2392 possunt
726 2319 788 2376 aliis
799 2317 954 2385 contenire,
1008 2311 1125 2368 tationes
1136 2321 1247 2382 wilm.
1258 2313 1286 2370 ιι
1300 2314 1401 2373 fillum
1415 2318 1504 2375 Μιῑῑι
1515 2319 1697 2394 'bmnium
1710 2332 1804 2383 &¹¹⁰¹

157 2425 271 2490 pessunt
280 2414 313 2471 de
328 2415 389 2470 aliis
409 2413 561 2484 predicari.
579 2413 642 2470 ilaec
661 2421 751 2469 autem
766 2427 880 2483 quorum
895 2424 957 2480 pro·
1009 2404 1112 2477 liquum
1128 2406 1333 2464 transieramus.

163 2552 1791 2589 m

586 2645 924 2779 -DIALOGUS
964 2648 1319 2758 SECUNDUS.

400 2896 446 2954 tte
464 2892 708 2954 ottdcuctltta.
780 2879 786 2892 ’
1007 2889 1151 2959 positionis
1164 2889 1324 2960 principium
1338 2891 1374 2948 de
1384 2894 1509 2964 sequenti
1520 2892 1672 2954 differentia
1684 2911 1802 2959 sumere-

191 2997 274 3056 blulta
290 3007 344 3052 tam
364 2992 442 3049 uobis
466 2996 608 3057 aparente
626 2993 721 3042 natura
745 2997 826 3055 quom
845 2981 953 3037 ceteris
1007 2990 1061 3037 tur.
1082 2981 1130 3037 llic
1150 2982 1268 3039 Fabius:
1285 2982 1438 3054 Uberrime,
1463 2986 1563 3059 inquit,
1583 3001 1598 3041 a
1621 2997 1647 3045 te
1670 2990 1803 3050 hesternit

156 3090 337 3153 inlutautibns
358 3085 452 3156 gratia
469 3081 642 3152 illustriaque
658 3089 788 3135 concessa
806 3083 879 3140 sunt,
894 3087 955 3145 quae
1006 3075 1107 3148 sigiliis
1117 3076 1151 3133 de
1160 3077 1306 3148 generibus
1319 3087 1348 3134 ιι
1360 3079 1502 3150 speciebus
1515 3082 1667 3153 expositum
1683 3092 1736 3140 est.
1750 3084 1803 3144 Sed

156 3198 206 3242 nos
228 3185 266 3239 ita
285 3179 361 3251 qnasi
380 3174 503 3248 quaedatn
528 3173 642 3243 benigna
660 3169 759 3226 artilex
780 3165 953 3229 humanitatis
967 3195 991 3263 c
1007 3169 1048 3241 (ιι
1070 3168 1123 3225 dici
1144 3168 1237 3242 audio)
1255 3171 1380 3230 subtilior
1404 3173 1438 3230 de
1461 3172 1622 3232 differentiis
1645 3177 1804 3251 tenuiorque

156 3276 285 3340 excoluit,
299 3282 329 3329 ut
340 3271 456 3342 primum
469 3266 548 3324 nobis
558 3262 700 3336 reputandi
710 3260 954 3330 considerandique
1005 3269 1135 3320 tractatus
1146 3273 1198 3320 ιιι.
1214 3263 1286 3330 lion,
1299 3266 1419 3336 inquam,
1440 3267 1585 3337 immerito,
1599 3286 1661 3327 nam
1676 3273 1750 3330 rarle
1759 3288 1804 3332 ac·

155 3370 262 3428 animos
274 3365 461 3433 rationemque
480 3358 653 3424 concederet,
667 3364 729 3427 post
742 3369 807 3411 tero
820 3353 953 3410 rationum
1004 3367 1090 3427 cepte
1103 3355 1264 3412 differentias
1274 3357 1364 3413 rarias
1385 3358 1521 3416 habebunt
1535 3362 1616 3418 etiam
1640 3373 1801 3435 potestates.

156 3469 290 3534 repertam
306 3453 484 3529 proloquendi
496 3451 643 3517 conferret,
654 3448 766 3520 perinde
775 3462 808 3504 ac
820 3447 843 3502 si
853 3446 954 3502 volnis-
1005 3444 1093 3502 Erunt
1106 3463 1222 3520 namque
1236 3449 1303 3505 alias
1316 3453 1427 3521 genem,
1440 3451 1508 3508 alias
1522 3452 1637 3525 specics,
1656 3455 1724 3514 alias
1739 3473 1804 3514 vero
1862 3452 1867 3459 '

155 3563 209 3621 ret,
221 3551 401 3625 jussissetque
415 3559 465 3602 nos
480 3559 533 3601 nnn
546 3541 667 3616 corporis
675 3539 800 3597 sensibus
816 3537 953 3604 abelluis,
1004 3537 1174 3604 diilerentie,
1198 3541 1245 3596 sed
1271 3541 1323 3598 boc
1352 3552 1444 3613 postea
1467 3543 1706 3604 demonstrabitur.
1727 3548 1803 3607 llune

59 3630 63 3637 ⁴
155 3648 205 3709 sed
224 3638 765 3708 mentisdirinitatedistare:quecum
783 3647 814 3688 se
832 3630 885 3687 sibi
902 3630 953 3685 ad·
1003 3631 1488 3707 reroitalutarbitrnr)textusestr

155 3739 285 3811 iunxerit,
301 3745 330 3793 et
342 3751 357 3791 a
370 3749 428 3792 sue
440 3732 584 3788 vivacitate
597 3739 699 3786 nature
716 3743 769 3784 uon
785 3726 952 3791 discesserit,
1042 3724 1131 3781 Omnia
1145 3727 1291 3796 differentis
1302 3738 1328 3785 et
1339 3731 1509 3786 communiter
1521 3740 1545 3788 et
1559 3732 1665 3806 proprie
1675 3742 1702 3790 et
1715 3737 1798 3808 mugit

89 3876 92 3882 -
156 3843 223 3892 tanc
234 3830 382 3901 sicutipse
393 3835 437 3885 ιιι
449 3824 672 3897 eteruigeueris,
686 3821 723 3878 ita
733 3835 841 3894 quoque
854 3820 952 3877 lamam
1004 3819 1109 3887 proprie
1122 3817 1228 3874 dieitur.

156 3926 185 3985 ιιι
201 3933 335 3997 posteros,
352 3921 487 3991 citamque
501 3917 595 3989 gloriae
615 3915 805 3974 iullnitistimis
824 3916 953 3985 tempori·
1042 3910 1224 3969 llillerentiam
1239 3929 1346 3987 qnoque
1364 3916 1454 3974 multis
1468 3919 1597 3992 appellari
1622 3921 1709 3979 modia
1730 3920 1801 3979 desp.

156 4109 302 4167 obnoxiam
318 4122 396 4163 ruens
410 4104 574 4176 perdendum
592 4100 871 4172 corrumpendamque
890 4115 953 4170 per·
1002 4111 1064 4153 cnm
1088 4107 1135 4153 ant
1160 4112 1317 4155 communes
1336 4109 1407 4166 suut,
1427 4112 1474 4157 aut
1499 4103 1625 4174 propriae,
1647 4115 1694 4162 aut
1716 4107 1801 4178 magis

156 4197 413 4266 tuiscrit,naturam
434 4193 556 4264 corporis
580 4190 709 4263 sequitur.
726 4189 793 4246 Nam
812 4190 952 4262 nibilejus
1003 4188 1671 4264 propriae.communessuutquibusomnesaut
1688 4199 1722 4255 ab
1740 4199 1801 4254 aliis
1910 4240 1913 4245 .

156 4293 309 4351 vivacitatis
322 4299 382 4362 post
394 4303 507 4361 corpora
521 4295 653 4354 remanet,
670 4284 716 4341 cui
729 4285 818 4340 omnis
836 4283 912 4341 labor
923 4296 951 4341 et
1003 4279 1160 4347 dillerimus,
1173 4291 1246 4337 auta
1261 4283 1341 4339 nobis
1361 4283 1446 4354 ipsis:
1463 4300 1524 4341 nam
1539 4289 1634 4345 sedete
1647 4289 1690 4347 ιιι
1704 4291 1802 4346 ambu-

157 4388 275 4447 ttudinm
289 4385 412 4443 derebus
425 4384 547 4456 eorporis
557 4389 638 4454 atque
647 4381 675 4436 iu
688 4394 787 4450 corpus
798 4381 950 4449 impensum
1001 4372 1060 4430 lare
1072 4373 1115 4429 rel
1129 4382 1202 4429 stare
1215 4372 1367 4433 dillereutia
1381 4386 1440 4433 est:
1454 4393 1516 4434 nam
1530 4381 1552 4434 si
1567 4390 1595 4435 tn
1609 4381 1741 4450 ambulet,
1750 4399 1800 4455 ego

158 4492 210 4538 est.
223 4478 313 4550 Quare
324 4475 517 4534 advertendum
530 4480 583 4544 est,
598 4482 629 4529 ut
638 4486 688 4529 nos
700 4471 828 4529 meliores
840 4483 950 4528 accura-
1002 4480 1068 4523 vcro
1082 4465 1203 4534 sedeam,
1216 4468 1242 4523 in
1259 4468 1312 4525 situ
1327 4470 1387 4540 ipso
1401 4480 1481 4544 atque
1491 4473 1675 4532 ambulatione
1688 4476 1800 4534 dilleri·
1900 4523 1905 4531 .

157 4576 297 4646 tioresqne
307 4571 462 4641 reddamus,
476 4584 531 4626 non
545 4584 577 4625 ea
599 4584 630 4625 rc
650 4582 700 4640 qua
716 4566 994 4655 pecudibnsnililffi
1008 4579 1077 4620 uros.
1092 4564 1126 4621 ιιι
1136 4564 1200 4621 item
1211 4580 1261 4638 ego
1272 4581 1333 4622 curn
1344 4581 1415 4622 nnnc
1425 4568 1517 4634 sedeo,
1529 4578 1621 4638 postea
1632 4586 1696 4626 vcro
1709 4572 1732 4628 si
1743 4587 1801 4628 am-

139 4692 142 4697 ·
158 4667 259 4730 distare
272 4680 427 4736 possumus,
440 4664 488 4721 sed
504 4676 558 4734 quo
570 4659 720 4718 caelestium
733 4660 861 4716 virtutum
879 4659 954 4715 simi·
1007 4657 1109 4722 bulem,
1133 4659 1269 4715 commoni
1294 4674 1309 4714 a
1334 4661 1438 4731 meipso
1455 4661 1605 4719 dillereutia
1630 4662 1798 4735 discrepabo.

157 4759 271 4816 titudine
285 4758 444 4813 aeternitatis
461 4757 574 4827 gloriam
595 4755 672 4809 laetis
686 4755 802 4824 egregiis
823 4753 953 4825 dictisque
1008 4750 1128 4823 Propriae
1141 4767 1206 4809 tero
1220 4763 1283 4809 sunt
1296 4767 1356 4825 quse
1374 4755 1584 4827 uniuscujusque
1598 4755 1728 4812 individui
1744 4756 1800 4813 lor·

157 4867 321 4912 mereamur.
333 4850 388 4907 Sed
399 4851 432 4905 de
447 4850 490 4904 his
503 4847 580 4913 alias,
598 4861 669 4903 nuuc
681 4847 715 4900 ad
732 4846 897 4914 propositum
910 4861 954 4902 re·
1007 4858 1078 4899 mam
1091 4845 1180 4915 aliqua
1196 4845 1309 4901 naturali
1321 4846 1484 4915 proprietate
1493 4847 1651 4919 depingunt,
1664 4856 1695 4903 ut
1708 4847 1799 4917 siquis

159 4953 258 5004 vertar.
272 4943 339 4999 Cum
352 4940 552 5011 igituralterins
563 4937 650 4993 noctis
661 4945 790 4993 consueta
803 4935 952 4992 lucubratio
1006 4937 1042 4992 sit
1055 4937 1144 4991 caesiis
1157 4937 1254 5005 oculis,
1275 4937 1318 4992 rel
1336 4937 1427 5008 crispo
1439 4940 1547 5010 capillo.
1567 4939 1670 4994 Etenim
1691 4939 1799 5008 propria

64 5069 66 5073 ν
156 5037 313 5111 vigiliaeque
326 5033 473 5099 uenissent,
488 5029 571 5087 credo
587 5029 720 5086 besterne
740 5029 853 5083 rationis
867 5029 954 5085 subti·
1005 5026 1215 5099 uniuscuiusque
1246 5028 1344 5100 singuli
1367 5029 1485 5086 bominis
1513 5038 1647 5099 suntque
1666 5042 1726 5083 cum
1749 5028 1799 5085 ista

155 5129 233 5188 lltate
246 5136 351 5200 captus,
362 5125 405 5182 nel
419 5140 470 5195 qna
486 5124 544 5195 ipse
558 5131 602 5179 est
612 5122 760 5192 cupiditate
773 5120 893 5178 discendi
904 5137 953 5178 au·
1006 5134 1163 5178 nascuntur.
1177 5120 1261 5195 llagis
1273 5126 1390 5196 proprie
1400 5135 1463 5180 sunt
1473 5138 1532 5195 qnae
1543 5123 1569 5177 in
1582 5120 1730 5176 substantia
1741 5121 1799 5192 ipsa

157 5220 302 5293 diendiqne
316 5218 415 5286 studio,
429 5216 584 5288 vigilantius
598 5229 678 5287 quam
689 5228 807 5284 uuquam
826 5228 953 5271 surrexe·
1004 5227 1216 5289 permamanet
1229 5227 1312 5276 totam
1334 5219 1451 5290 speciem
1466 5214 1616 5274 differentia
1639 5214 1800 5285 descriptio·

156 5322 201 5372 ιιι
215 5314 313 5371 Fabius
335 5314 369 5370 ad
384 5327 432 5370 ute
443 5313 571 5386 perrexit,
582 5309 627 5382 qui
643 5318 785 5380 postquam
800 5309 952 5364 consaluta-
1005 5323 1093 5381 tueque
1107 5317 1269 5379 permutant,
1294 5318 1323 5365 ut
1337 5319 1379 5366 ιιι
1392 5308 1532 5364 rationalis
1546 5307 1589 5363 vel
1611 5309 1734 5364 mortalis
1749 5313 1800 5364 bo·

156 5414 210 5470 tus,
226 5406 386 5476 sequentisa
396 5405 536 5475 meoperis
550 5401 710 5474 promissam
722 5398 951 5456 continuationem
1006 5403 1088 5460 minis
1098 5401 1259 5459 differentia.
1268 5402 1369 5459 ilerum
1380 5409 1469 5457 autem
1479 5414 1636 5456 communes
1649 5409 1677 5455 et
1687 5397 1801 5470 proprie

156 5509 322 5568 reposceret.
337 5498 456 5567 Faciam,
467 5502 586 5569 inquam,
598 5512 651 5553 nort
662 5495 771 5563 invitus,
784 5494 951 5566 quippecum
1006 5493 1165 5551 dilierentiae
1183 5494 1234 5550 snb
1253 5493 1347 5551 eadem
1366 5492 1457 5563 specie
1471 5492 1592 5563 singulos
1610 5506 1627 5547 a
1646 5507 1677 5548 ιι
1699 5491 1801 5547 iaciunt

157 5602 209 5645 nee
229 5589 345 5646 mibi·sit
362 5592 389 5645 iu
404 5592 458 5646 vita
480 5591 624 5662 quidquam
644 5589 741 5646 molius
763 5603 854 5660 agere,
876 5595 903 5643 et
922 5597 951 5643 tn
1005 5587 1171 5654 discrepare,
1189 5586 1234 5641 illa
1257 5583 1372 5655 propriis
1390 5583 1562 5652 differentiis,
1587 5583 1631 5640 illa
1651 5597 1801 5638 comuntur·

60 5668 63 5675 ’
157 5679 228 5736 banc
244 5679 308 5735 milri
321 5679 514 5749 iocunditatem
525 5682 614 5738 studio
625 5691 789 5753 tuoangeas,
801 5680 872 5753 quod
883 5681 949 5736 mibi
1004 5678 1065 5734 bus.
1092 5677 1177 5748 blagis
1194 5677 1310 5746 propriae
1327 5685 1490 5733 renotatam
1509 5687 1633 5734 naturam
1656 5675 1801 5745 cuiuslibet

158 5788 288 5847 perquam
304 5772 484 5845 gratissimum
499 5783 551 5839 ιιι,
568 5773 665 5843 placuit
682 5774 763 5845 igitur
777 5783 807 5830 ut
820 5773 947 5844 qnoniam
1003 5771 1101 5841 speciei
1115 5769 1346 5841 substantiamque
1360 5779 1524 5842 permutant,
1540 5780 1567 5826 et
1579 5769 1614 5824 ab
1623 5769 1683 5825 alib
1697 5766 1787 5839 specie

159 5867 284 5928 iresterna
306 5864 432 5925 dissertio
451 5864 568 5937 speeiem
583 5864 758 5936 explicuerat,
774 5864 884 5925 ιιιιιιιι
900 5881 948 5924 er·
1003 5865 1053 5922 but
1070 5872 1213 5938 segregant
1230 5872 1312 5936 atquc
1336 5864 1501 5937 disiungunt.
1522 5864 1622 5920 ilatum
1642 5875 1707 5933 ergo
1724 5874 1802 5920 cext-
