3946 6186
223 402 274 461 iii
833 396 889 456 AN.
909 395 1014 455 deit.
1034 395 1111 467 ebt.
1132 396 1242 456 boati
1810 399 1860 455 lit

220 520 293 578 bilis.
314 513 468 575 sumentia
486 514 592 586 quidem
611 521 654 570 eat
669 528 763 586 genus,
777 496 924 568 ¹animatum
946 523 1012 568 ravo
1024 514 1052 578 A
1064 519 1122 583 quis
1134 521 1193 567 runt
1207 512 1364 568 imatiooaiir
1384 517 1408 568 tt
1429 511 1554 578 meridia,
1574 502 1791 568 irrationbiitiair'r
1803 517 1862 571 aab

221 617 302 680 atque
315 607 445 664 utrsibiie
458 607 576 663 divisive
589 606 710 677 ejusdem
729 604 898 672 differentia,
913 605 1016 661 consti·
1070 603 1189 659 maliem.
1214 603 1268 681 sie
1281 612 1306 658 ει
1323 613 1442 675 cupreum
1462 603 1613 669 nutrientia,
1634 618 1692 658 cum
1711 604 1815 658 dioistrn
1831 608 1863 657 ait

222 700 314 756 sativa
328 699 462 756 animalis.
484 697 549 754 item
565 698 663 753 animal
677 697 872 755 rationabilitas
884 706 964 768 atque
979 696 1017 753 ir·
1066 700 1175 754 animari
1189 705 1214 754 et
1226 699 1361 753 inanimati
1373 697 1529 766 differentia,
1544 696 1658 753 andilli
1671 704 1696 752 et
1709 694 1861 764 bandilii,-

221 790 426 857 ratiottabiiitas,
441 790 591 847 mortalitas
608 798 689 862 otqrte
709 789 895 847 immortalitas
909 790 1013 859 dividit,
1065 792 1179 845 animata
1199 798 1224 845 et
1245 788 1373 845 tenebitis
1387 796 1548 862 conpvepntoe
1560 791 1594 843 od
1609 787 1788 854 substantiam,
1802 789 1863 844 ani·

221 881 269 941 sid
277 883 368 954 iunco
379 881 545 938 rationalitas
556 889 637 954 utque
647 883 807 952 mortalitas,
819 896 878 954 quar
891 882 1015 938 animalis
1064 884 1117 936 mat
1127 883 1296 953 perfecerunt,
1309 883 1424 937 minuata
1434 884 1494 936 uero
1505 888 1529 937 ιι
1539 877 1694 938 iureroiiiiia
1703 882 1865 956 peremne

220 972 331 1033 dltlaivn
345 970 460 1041 ineram,
478 974 545 1032 dunt
565 974 682 1033 bominis
696 977 888 1041 constitutivae,
902 976 1014 1046 eiusque
1064 973 1193 1045 piantem.

220 1065 361 1138 porielunt
379 1063 509 1137 ipeoiem,
524 1074 604 1137 atque
618 1077 726 1124 omnem
743 1067 802 1138 ejas
817 1067 948 1123 rationem
963 1065 1016 1122 dii·
1100 1065 1243 1124 Geminum
1264 1064 1475 1123 differentiamdl
1499 1079 1577 1123 usum
1598 1074 1659 1123 ease
1680 1060 1864 1134 demonstrat,¹

220 1152 346 1212 unitionis
360 1154 506 1213 lniormant
517 1166 599 1229 atque
613 1156 765 1231 perieiunt.
779 1156 815 1214 it
830 1157 855 1214 ei
873 1157 1014 1213 irrationa-
1063 1172 1146 1217 unum
1162 1158 1269 1232 quidem
1283 1172 1337 1232 quo
1348 1164 1447 1230 gedera
1460 1156 1626 1225 diuiduntur,
1638 1156 1719 1214 aliurn
1730 1173 1785 1229 qno
1798 1172 1861 1229 spe·

122 1244 126 1249 ’
218 1246 308 1303 bilitas
329 1258 391 1304 earn
416 1248 580 1306 mortalitate
602 1244 740 1321 Junqatur,
761 1247 807 1306 liet
828 1261 914 1319 equus
932 1258 1013 1318 atque
1063 1251 1307 1308 ctesinturmantur
1323 1265 1331 1306 ι
1348 1248 1435 1321 nique
1448 1246 1588 1306 enimboo
1603 1246 1689 1308 salum
1703 1246 1860 1305 differentia

217 1341 355 1410 quodlibet
368 1337 478 1406 animal,
493 1341 566 1413 quod
579 1341 684 1421 ratione
702 1355 755 1398 non
774 1342 868 1398 utitur.
886 1341 1014 1397 ilatioua·
1064 1341 1175 1408 iaciunt,
1191 1348 1222 1399 ut
1243 1352 1339 1414 ponera
1363 1342 1523 1414 partiantur,
1541 1341 1715 1400 verumetiam
1735 1341 1859 1412 dunge-

156 1486 159 1491 .
216 1432 308 1489 bilitas
320 1441 472 1504 vernatque
484 1433 674 1490 immortalitas
690 1434 822 1504 copulate
836 1430 1011 1489 substantiam
1063 1449 1127 1492 nera
1145 1434 1283 1503 dividunt,
1301 1435 1406 1507 speeies
1429 1434 1457 1491 lu
1479 1447 1548 1507 quaa
1570 1444 1669 1506 genera
1691 1430 1860 1490 deducuntur

217 1528 265 1583 Ilei
278 1526 433 1583 iniormaut.
451 1525 488 1582 lta
507 1527 589 1598 lpitur
602 1527 704 1584 eedem
718 1526 878 1583 differentia
892 1540 951 1582 cum
966 1540 1009 1582 re·
1062 1525 1192 1583 eiilciunt.
1206 1527 1298 1598 ltaque
1311 1517 1371 1598 quae
1383 1526 1476 1584 divise
1489 1533 1553 1583 suot
1564 1520 1705 1599 penarum,
1717 1529 1860 1580 uuntoon·

217 1617 339 1675 teruntur
351 1618 386 1673 ad
399 1630 509 1689 genera,
525 1617 645 1674 divisiva
659 1631 789 1688 generum
804 1618 881 1674 fluet.
900 1615 928 1672 Si
947 1631 1012 1673 vero
1063 1616 1191 1674 stitutluar
1214 1619 1375 1688 specierum,
1397 1618 1533 1690 iuniusque
1554 1617 1619 1674 iilud
1638 1617 1789 1687 exemplum
1803 1624 1856 1684 est,

218 1711 252 1767 ad
270 1711 412 1768 interiores
430 1710 537 1782 species
556 1710 769 1781 considerentur,
788 1708 932 1766 informant
947 1723 1010 1781 spo·
1060 1708 1133 1778 quod
1145 1708 1204 1780 ipse
1217 1709 1331 1780 serbiecit
1346 1723 1355 1764 ι
1370 1706 1493 1766 animalia
1507 1708 1606 1781 quippe
1619 1706 1778 1764 differentiae
1794 1715 1859 1764 sunt

150 1800 152 1802 ’
216 1802 282 1871 sies,
298 1815 445 1874 earumque
458 1801 634 1859 substantiam
648 1799 821 1857 convenienti
840 1801 1010 1871 copulatione
1061 1799 1193 1867 divisiva,
1215 1799 1345 1858 rationale
1364 1808 1446 1873 atque
1464 1798 1628 1865 irrationale,
1644 1799 1758 1857 mortale
1775 1807 1858 1871 atque

215 1895 391 1950 constituunt.
416 1892 444 1949 ln
468 1892 520 1950 boe
543 1892 683 1964 quesitum
709 1899 760 1957 est,
783 1891 1008 1962 quemadmodum
1023 1886 1224 1963 Bimmorlale,
1246 1891 1288 1950 lrls
1312 1891 1384 1949 enlm
1404 1890 1561 1963 pradicatio
1580 1890 1706 1948 diuiditur
1722 1891 1856 1947 animalis.

216 1985 369 2042 dicerentur
383 1998 445 2041 esso
458 1983 500 2039 lte
513 1983 674 2052 differentia
688 1984 839 2054 specierum
857 1982 1009 2039 constituti·
1058 1982 1145 2040 Omne
1158 1982 1230 2040 euim
1244 1983 1316 2056 quod
1331 1982 1431 2041 animal
1443 1991 1497 2055 eet,
1512 1991 1559 2040 aut
1573 1983 1715 2051 rationale,
1727 1993 1772 2038 aut
1785 1983 1856 2038 irra-

215 2079 267 2146 ιε,
281 2091 342 2134 oum
364 2073 554 2132 irmtioruabllis
576 2072 727 2132 diiiererrtla
749 2081 831 2144 atque
852 2071 1009 2128 inmortalis
1060 2075 1169 2143 tiooaic,
1189 2086 1236 2133 aut
1258 2076 1382 2146 mortale,
1408 2085 1456 2134 aut
1481 2077 1632 2135 immortale
1652 2085 1703 2133 est.
1724 2075 1777 2133 Sed
1799 2077 1877 2134 ista<

215 2166 316 2224 nullam
327 2166 445 2235 speeiem
456 2165 596 2226 videantur
609 2165 726 2221 etttoere.
740 2162 942 2234 Respondemus
955 2160 1010 2233 prl-
1058 2165 1217 2224 differentiae
1229 2182 1289 2240 quae
1299 2168 1420 2226 dividunt
1431 2180 1517 2241 penus
1528 2168 1600 2238 quod
1612 2176 1655 2224 est
1668 2168 1780 2240 animal,
1794 2164 1857 2241 spe·

216 2274 289 2319 tuum
312 2260 421 2333 quidem
443 2259 551 2331 placere
575 2257 728 2324 Aristoteli,
755 2257 875 2314 calestia
897 2263 1010 2328 corpora
1060 2255 1110 2314 olei
1125 2257 1303 2316 substantiam
1324 2256 1492 2332 formamque
1511 2259 1690 2316 constituunt.
1714 2258 1780 2316 lium
1796 2274 1857 2316 cum

216 2356 333 2410 animata
347 2366 400 2409 noo
416 2360 487 2409 este.
502 2350 580 2420 Quod
593 2362 659 2407 vero
670 2349 815 2405 animatum
829 2362 881 2404 non
897 2348 943 2417 eit,
955 2348 1012 2402 anl-
1060 2349 1096 2405 eit
1109 2348 1191 2405 iromo
1212 2350 1323 2417 animal,
1337 2348 1451 2409 eiicltur
1464 2351 1588 2409 rationali
1608 2349 1768 2424 mortalique
1784 2348 1860 2409 dilie-

217 2445 271 2500 mal
284 2454 344 2500 etse
359 2455 412 2498 non
428 2452 528 2514 possea
543 2441 613 2512 quod
634 2455 699 2499 vero
719 2455 772 2498 nou
786 2442 821 2498 sit
835 2440 947 2508 animal,
961 2453 1012 2498 nee
1061 2441 1167 2510 rentiis,
1183 2458 1243 2516 que
1256 2442 1356 2501 dudum
1372 2441 1471 2500 auinrai
1496 2443 1692 2516 partiebantur.
1716 2443 1781 2501 item
1797 2456 1858 2501 cam

217 2535 346 2592 rationale
365 2547 427 2589 osee
447 2533 569 2598 concedi,
585 2532 633 2587 sed
651 2532 745 2587 eadem
768 2546 882 2602 corpora
902 2540 1012 2603 propter
1062 2533 1098 2588 sit
1118 2546 1204 2605 equus
1221 2534 1332 2602 animal,
1353 2533 1501 2592 irrationali
1523 2535 1685 2607 mortalique
1700 2534 1858 2592 differentiis

216 2625 413 2697 simplicitatem
438 2614 466 2681 et
491 2623 695 2695 perpetuitatem
717 2632 806 2679 motus
829 2632 929 2678 :etenira
950 2634 1012 2679 esse
1061 2627 1241 2696 constituitur,
1267 2640 1328 2700 que
1350 2625 1450 2685 dudum
1474 2628 1573 2683 aoinrnl
1597 2628 1762 2685 dividebant.
1788 2622 1859 2685 icus

217 2719 366 2777 oondrmat.
380 2714 427 2774 Est
437 2716 517 2789 igituir
527 2712 626 2789 aliquid
639 2716 710 2790 quod
721 2716 754 2774 ea
767 2715 870 2772 duabus
881 2715 925 2771 bis
935 2713 1012 2772 dilie-
1061 2726 1151 2770 autern
1165 2730 1226 2771 oum
1240 2716 1275 2772 alt
1289 2717 1399 2785 animai,
1415 2717 1493 2790 utda
1511 2718 1570 2774 sole
1588 2717 1720 2786 dicamus,
1736 2718 1857 2776 rationali

216 2810 311 2867 rentiie
324 2808 491 2879 condoletur,
505 2808 680 2866 irrationabili
696 2807 890 2878 scilicetatque
900 2807 1011 2864 immov-
1061 2805 1259 2878 immortalique
1276 2808 1392 2865 elicitur
1407 2809 1575 2878 differentiis,
1591 2824 1658 2882 quas
1676 2810 1795 2867 dividere
1816 2825 1860 2879 qe·

217 2901 274 2959 tull.
288 2900 401 2972 Quodsi
414 2899 713 2974 megisconeedendum
729 2896 834 2955 Platori
850 2907 902 2966 εει,
917 2907 945 2955 ει
957 2908 1012 2955 cm·
1062 2912 1112 2955 oue
1128 2898 1218 2955 babila
1231 2896 1339 2968 partitio
1355 2901 1435 2969 paulo
1450 2902 1618 2956 monstrarit.
1639 2898 1693 2957 Sed
1709 2900 1753 2957 irie
1766 2901 1808 2972 (ut
1820 2898 1862 2958 dl·

217 2993 294 3051 lestia
309 3008 423 3066 corpora
436 2993 553 3049 animata
567 2996 628 3050 essa
645 2987 819 3056 credendum,
835 2989 936 3047 uultum
950 2991 1011 3062 qul·
1062 2985 1161 3060 almus)
1176 2980 1260 3044 baum
1275 2998 1436 3057 corporeum
1456 2987 1569 3060 intelllgi
1592 2997 1707 3060 oportet,
1727 2995 1759 3044 ut
1773 2990 1862 3045 solem

217 3087 278 3144 dem
291 3086 334 3144 iris
349 3082 507 3143 diiieremiis
520 3088 608 3156 potest
627 3098 688 3141 esse
700 3082 861 3154 subjeetum.
877 3081 1011 3154 Quidquid
1063 3089 1090 3138 et
1099 3079 1196 3136 omium
1212 3089 1362 3151 ceteraque
1375 3076 1539 3152 huiusmodi,
1553 3094 1614 3152 qum
1626 3093 1686 3136 curn
1701 3079 1819 3136 animata
1834 3086 1862 3136 et

217 3179 289 3235 enirn
303 3176 485 3233 irrationabile
497 3186 538 3232 est
550 3174 714 3247 corruptioni
735 3170 876 3245 subiacens
889 3181 917 3230 et
930 3187 1010 3244 pene·
1064 3167 1232 3229 rationabilia
1242 3168 1319 3227 Plato
1332 3177 1392 3228 essa
1407 3171 1559 3242 redimat,
1576 3181 1632 3228 tum
1648 3170 1674 3227 in
1689 3170 1802 3227 deorum
1816 3182 1864 3227 uo·

218 3268 326 3335 rationi,
345 3264 498 3322 immortale
512 3271 573 3322 csso
592 3279 645 3321 non
665 3264 772 3337 poterit.
796 3262 849 3322 Sed
865 3272 954 3322 tamen
970 3262 1012 3322 ba
1025 3253 1050 3319 C
1065 3262 1189 3320 sabulum
1212 3259 1378 3334 antiquitatis
1401 3263 1576 3319 veneratione
1594 3262 1741 3345 probantur
1758 3276 1863 3319 assum·

218 3356 386 3423 ditiorentia,
397 3357 523 3428 quoniam
534 3355 562 3413 in
573 3350 788 3414 substantialium
801 3354 1011 3413 differentiarum
1063 3362 1123 3428 pia,
1139 3354 1173 3411 de
1189 3356 1275 3426 primo
1288 3368 1396 3427 quoque
1410 3366 1524 3428 geuene,
1546 3354 1572 3412 ld
1594 3365 1636 3413 est
1653 3354 1800 3412 substantia
1814 3356 1859 3412 de·

219 3462 333 3506 numero
346 3458 418 3517 suut,
434 3450 458 3507 ei
477 3447 552 3523 iungi
567 3444 620 3506 uilo
642 3449 722 3506 modo
742 3448 903 3519 potuissent,
918 3464 1010 3507 earum
1064 3455 1248 3504 monstrantur
1260 3447 1353 3504 venire
1370 3444 1539 3506 differentia.
1553 3448 1621 3505 liam
1642 3463 1702 3505 cum
1721 3449 1780 3519 eius
1796 3446 1863 3504 diri-

168 3527 171 3535 ’
220 3548 343 3596 naturam
365 3550 392 3596 ει
410 3538 527 3612 speciem
542 3554 650 3613 quoque
669 3539 1014 3619 posseuteiioere:atque
1064 3536 1128 3594 sire
1149 3536 1203 3593 sint
1224 3534 1383 3616 differentiae
1401 3537 1549 3595 animatum
1571 3536 1652 3610 atque
1672 3538 1860 3603 inanimatum,
1892 3573 1894 3576 -

190 3620 192 3631 ⁴
220 3638 251 3687 ot
272 3630 434 3704 intelligatur
446 3644 506 3702 quae
523 3631 559 3688 sit
574 3632 631 3688 trec
653 3628 770 3705 potentia
788 3630 937 3689 eiiciendae
951 3632 1015 3689 sub-
1064 3626 1193 3683 sensibile
1204 3634 1285 3698 atque
1297 3625 1464 3697 insensibile,
1483 3628 1585 3699 iuncte
1600 3628 1760 3687 differentia
1776 3630 1864 3686 sensi·

219 3718 324 3777 stantiae
343 3717 496 3794 specieique
517 3721 682 3791 formanda,
701 3723 879 3795 respiciamus
897 3723 931 3780 ad
951 3723 1041 3796 pro-l
1065 3716 1127 3775 bilis
1140 3726 1222 3789 atque
1243 3716 1354 3775 animati
1376 3718 1497 3776 eiiieiuut
1520 3722 1695 3777 substantiam
1718 3723 1863 3776 estimatum

219 3811 292 3882 prius
306 3821 386 3885 atque
404 3825 573 3882 communes,
588 3804 648 3884 quae
663 3798 768 3870 tametsi
782 3812 937 3890 jungantur,
954 3829 1017 3886 spe·
1065 3820 1146 3886 atque
1159 3811 1327 3880 sensibilem,
1339 3813 1409 3887 quod
1423 3815 1464 3871 est
1477 3810 1587 3871 animal.
1597 3813 1662 3871 iuris
1672 3808 1751 3886 igitur
1762 3813 1862 3870 dictum

220 3902 289 3961 clem
314 3902 544 3976 substantiamque
567 3898 638 3962 nulla
661 3905 765 3962 ratione
788 3905 965 3963 constituunt.
986 3903 1016 3963 Si
1065 3912 1108 3963 eat
1122 3920 1182 3977 quae
1197 3903 1317 3961 divisiva
1336 3911 1400 3961 sunt
1417 3899 1576 3961 differentia
1596 3910 1736 3978 cenenum,
1756 3901 1864 3960 easdem

220 3992 280 4065 qula
299 3993 371 4051 enlm
391 3994 515 4066 loquatur
535 3994 687 4064 ambulans,
703 4008 762 4068 pue
777 4004 839 4053 sunt
861 3995 921 4052 duae
942 4009 1016 4051 com-
1066 3994 1253 4050 constitutivas
1267 4000 1328 4051 esse
1341 3993 1502 4065 specierum.

220 4098 314 4146 munes
329 4086 497 4157 diiierentie,
514 4088 556 4144 vei
579 4088 602 4143 si
624 4087 717 4162 longus
740 4099 773 4143 ae
793 4078 881 4156 alitus,
897 4101 960 4143 num
976 4084 1017 4142 id·
1104 4084 1230 4150 Quoniam
1244 4090 1304 4157 erpo
1316 4084 1410 4140 ecdem
1423 4084 1508 4153 aliquo
1522 4086 1597 4140 modo
1611 4084 1794 4158 αεεεριεῄιιιιι
1804 4103 1865 4142 cou-

220 4180 294 4238 ciroo
308 4179 409 4236 eisdem
432 4180 490 4249 eius
511 4178 659 4235 substantia
680 4176 872 4234 constituitur?
892 4176 1014 4233 rurinlme.
1066 4177 1198 4242 stitutioce,
1211 4173 1298 4244 aliquo
1311 4173 1483 4232 mododatcnr
1497 4177 1622 4244 diuidua,
1639 4174 1725 4234 omnes
1738 4180 1866 4250 specifico

221 4274 295 4331 tlnri
309 4271 376 4343 Quia
392 4282 445 4329 non
467 4270 587 4341 ejusdem
611 4280 675 4327 sunt
694 4270 813 4340 pencris,
828 4282 889 4341 qua
904 4266 1017 4338 alieuius
1067 4267 1206 4323 dicantar:
1219 4274 1244 4322 ει
1258 4265 1298 4323 itis
1311 4266 1422 4324 mosim
1434 4277 1544 4340 opoteu
1553 4262 1588 4325 nd
1600 4268 1735 4326 divisiones
1745 4280 1866 4346 pomum

222 4371 336 4434 possum
349 4362 512 4419 constituere
534 4366 562 4416 et
583 4358 752 4416 ooniormare
767 4358 943 4416 substantiam
958 4377 965 4414 r
980 4359 1016 4416 ita
1067 4367 1092 4414 et
1105 4357 1268 4430 diffinitiones
1288 4357 1438 4429 abromum,
1461 4359 1505 4413 red
1525 4359 1576 4414 ion
1592 4359 1632 4416 itit
1648 4360 1707 4432 pom
1724 4360 1866 4418 recondant

128 4474 131 4479 ’
222 4454 304 4526 ipitur
315 4455 367 4523 ia,
381 4452 407 4510 id
423 4461 465 4510 eat
480 4441 633 4508 irrationale
645 4458 724 4522 atque
739 4447 898 4517 immortale,
912 4436 1017 4506 eiusde
1068 4448 1186 4506 amiciens
1200 4446 1391 4522 imperabitis,
1408 4462 1453 4505 ner
1472 4452 1554 4523 iuopia
1569 4450 1619 4521 iria,
1637 4450 1694 4524 quen¹
1710 4461 1771 4508 tant
1789 4461 1867 4526 nepo-⁴

221 4544 370 4618 subiectum
391 4542 500 4616 aliquod
521 4543 678 4600 substantie
700 4534 800 4597 babere
819 4554 872 4596 non
892 4541 1015 4612 possunt,
1068 4543 1172 4600 rodier.
1195 4543 1204 4562 ⁰

221 4642 333 4707 possem
356 4643 445 4693 tamen
472 4628 650 4692 substantiam
674 4630 800 4697 eiicere,
817 4629 840 4687 sl
862 4628 916 4687 uilo
938 4629 1058 4698 modali
1105 4633 1206 4692 omnes
1227 4642 1243 4690 a
1265 4643 1365 4706 pedere
1390 4630 1555 4692 dilieientias
1579 4632 1756 4708 procedentes
1781 4651 1867 4708 penus

221 4727 300 4806 jungi
323 4727 497 4798 copularique
521 4726 679 4798 potuissent.
704 4721 838 4781 praterea
863 4723 1018 4781 irrationale
1070 4728 1159 4800 ipsum
1173 4720 1252 4800 a'qtro
1265 4718 1556 4798 proceduutjdivtdere
1569 4726 1659 4805 nullus
1673 4720 1787 4802 ignorat.
1800 4726 1867 4799 ipse

221 4817 343 4890 junctum
361 4826 422 4873 cunr
440 4817 547 4873 tnortatt
568 4817 743 4874 sumentem
760 4814 1019 4885 pecudtsiacit.i1st
1041 4817 1045 4828 '
1072 4821 1159 4876 autem
1173 4832 1233 4892 qna
1248 4814 1371 4875 dividunt
1390 4830 1487 4891 penus,
1500 4818 1523 4875 sl
1538 4812 1572 4875 ad
1588 4822 1750 4891 posteriores
1762 4822 1867 4887 species

220 4910 304 4985 ipttur
325 4910 495 4968 constitutiva
514 4907 677 4965 irrationalis
697 4907 858 4964 tildereutla.
881 4908 947 4964 itern
966 4909 1018 4964 im·
1071 4912 1253 4983 applicentur,
1274 4905 1420 4967 informant
1444 4909 1607 4969 subtantias
1631 4916 1741 4981 earum,
1766 4910 1866 4980 easque

223 5002 337 5065 mortale
362 5011 442 5073 atque
461 5001 594 5059 rationale
614 4999 767 5072 coniuncta,
783 4994 903 5056 eliciunt
923 4997 1018 5055 ocum.
1072 5000 1222 5072 perficiunt.
1241 4998 1349 5057 eadem
1367 4993 1448 5073 igitur
1461 5018 1521 5077 quae
1535 5014 1596 5061 sunt
1610 5000 1787 5059 cubottutiva
1804 5016 1866 5072 spc-

224 5100 271 5158 ilat
285 5098 366 5172 igitur
379 5093 532 5154 immortale
548 5092 620 5165 quod
640 5088 758 5163 speeiem
779 5089 886 5145 iordiat.
900 5087 978 5157 Quod
995 5093 1018 5146 sl
1074 5094 1186 5161 olerum,
1199 5084 1301 5150 eadem
1315 5086 1378 5152 sunt
1390 5092 1538 5154 divisibiles
1555 5098 1693 5167 generum,
1711 5094 1763 5150 allo
1776 5105 1867 5154 tamea

222 5200 294 5267 tillet
310 5204 340 5247 ιθ
357 5188 432 5261 iungi
445 5188 590 5256 ieiumi,
608 5192 661 5239 ¹¹⁰⁰
675 5179 776 5237 *dcliii
789 5178 860 5252 (1¹¹0(¹
878 5180 904 5235 5¹¹
919 5185 1016 5234 ”iiim
1074 5189 1154 5248 nudo
1164 5197 1245 5262 atque
1258 5188 1311 5244 aiio
1325 5189 1512 5258 coustumia,
1527 5197 1556 5245 ut
1570 5188 1592 5244 ei
1606 5188 1697 5246 relate
1711 5188 1819 5261 quidem
1835 5190 1868 5248 ati

223 5292 317 5337 eorum
329 5288 380 5345 eet,
395 5279 551 5350 abrogatur.
1074 5287 1159 5353 genus
1168 5279 1195 5336 itt
1206 5277 1366 5336 contrariatur
1377 5279 1533 5337 divisionem
1544 5288 1709 5350 spectentur,
1720 5276 1867 5339 divisibiles

259 5372 313 5432 Sed
332 5374 372 5430 itte
391 5371 493 5445 quidem
512 5372 569 5442 aad
583 5366 767 5424 dititilwii
781 5362 1020 5436 ‘iiiiiifloeiiib
1073 5367 1180 5447 generis
1195 5370 1380 5431 inueniuntur.
1402 5366 1432 5428 st
1452 5370 1516 5429 reio
1528 5369 1629 5441 iunctae
1644 5372 1745 5445 aliquid
1759 5371 1868 5428 ciliceio

223 5481 291 5535 ram,
306 5461 462 5537 ciiiilius!
475 5462 543 5536 pent
560 5466 584 5518 θ’
602 5457 770 5518 imiimi&
781 5455 943 5529 iiliffflmi
953 5455 1019 5511 Μ·
1041 5514 1046 5522 .
1072 5474 1201 5538 possunt,
1218 5466 1368 5536 specierum
1392 5463 1570 5520 constitutivae
1589 5475 1662 5522 suut.
1678 5465 1744 5535 Quae
1758 5479 1818 5520 cum
1832 5464 1867 5520 ita

181 5617 185 5629 ,
222 5559 293 5611 ditur
306 5558 372 5612 euim
386 5551 482 5612 animat
495 5538 617 5612 enimait
631 5547 813 5610 erectaerecta·
825 5547 1021 5618 etquenam
1072 5555 1135 5625 siut,
1158 5552 1200 5612 lua
1220 5552 1378 5613 atterenda
1394 5562 1454 5624 quae
1468 5567 1552 5623 penus
1571 5548 1704 5626 dividam,
1720 5551 1866 5611 recreatum

225 5654 316 5702 aarum
337 5640 440 5702 mortali
461 5655 486 5702 et
506 5641 646 5701 innotuit
667 5640 829 5713 differentior
847 5641 893 5698 sed
911 5654 948 5697 en
962 5652 1020 5711 qam
1072 5646 1193 5706 divisivas
1207 5645 1400 5704 nominantur:
1415 5647 1869 5717 queentmconstiruuntspcciem

225 5757 283 5804 aaut
295 5744 428 5801 rationalia
442 5740 627 5812 diffareatioci
639 5733 766 5814 mealia,
778 5741 946 5801 assuerim
959 5734 1020 5798 rani
1073 5739 1205 5810 spadica
1227 5744 1424 5809 nuncupantur,
1442 5738 1490 5794 sed
1511 5737 1676 5797 constituunt
1695 5741 1811 5809 speciem
1828 5741 1868 5800 tuor

226 5846 345 5916 bominis,
364 5840 499 5897 rationalia
514 5856 572 5906 aare
584 5849 608 5895 et
621 5840 785 5912 inmotum,
804 5841 852 5896 bei
867 5856 878 5898 ι
895 5841 949 5898 iiio
961 5855 1021 5897 vero
1035 5903 1057 5926 ·.
1074 5832 1233 5925 differentiae
1245 5845 1306 5902 quae
1319 5837 1382 5886 aaut
1400 5831 1506 5900 poneris
1523 5833 1652 5888 divisivae.
1667 5832 1749 5904 tptrur
1767 5832 1867 5889 eedem
