3946 6186
136 375 207 439 titas

590 374 648 433 su.
665 369 771 431 utut.
788 368 866 428 snt.
882 368 994 429 eberti
1009 367 1197 428 coufessus
1212 367 1313 426 ituci.

1696 345 1763 407 ‚abl

135 487 250 557 species,
272 503 331 556 quor
354 486 502 545 secundom
528 483 646 555 reguiam
669 481 871 563 dialecticorum
893 480 1065 562 ctAgulas,
1094 480 1144 535 niis
1164 480 1278 562 ‚quidum
1307 485 1369 533 rum
1391 475 1478 559 justa,
1506 471 1765 552 secundumunam

136 560 271 615 rhetorum
286 575 370 631 genus
386 558 491 625 diuidit,
505 555 643 612 deseendit
657 554 683 607 in
698 568 808 607 omma:
826 563 854 606 ut
868 566 923 608 scr·
976 565 1092 622 spectem
1108 552 1188 616 bum,
1212 551 1264 605 alra
1288 558 1349 604 suut
1367 546 1450 614 aliud,
1478 545 1625 601 secundum
1644 541 1768 613 egusdeut

138 630 200 684 licet
223 631 256 684 dc
269 627 460 699 omnibusque
476 633 661 696 supponuntur
672 625 775 693 generi,
795 623 921 689 praedice-

140 709 192 754 tur.
206 701 306 756 idcirco
325 701 444 754 omnium
459 702 601 767 quaesunt,
612 693 759 749 secundum
774 708 867 747 eorum
879 708 923 748 re·

976 622 1084 691 generis
1098 623 1195 684 atiam;
1211 621 1299 674 omnia
1311 633 1387 685 nero,
1398 616 1544 673 secundum
1557 614 1650 669 barum
1664 609 1769 682 specie·

977 707 1036 745 rum
1051 706 1146 761 genus,
1162 700 1225 747 sunt
1240 691 1323 745 bona.

612 850 698 922 au.
739 849 909 920 maun.
949 845 1067 919 sev.
1106 845 1289 918 noenu

342 991 583 1079 'BREVIS
608 992 765 1078 FIDEI
793 988 1159 1121 CHQANAE
1182 985 1549 1080 COMPLEXIO.

171 1176 349 1234 Christianam
376 1177 455 1234 idem
481 1178 550 1233 Novi
575 1192 605 1232 ac
627 1176 732 1232 Veteris
756 1177 923 1233 Testamenti

137 1271 229 1342 pendit
243 1271 403 1338 auctoritas;
420 1281 447 1326 et
466 1270 590 1341 quamvis
606 1270 802 1338 nomenipsum
824 1270 924 1326 Christi

138 1373 216 1418 retus
226 1364 295 1418 intra
308 1373 394 1419 semet
408 1363 796 1432 continueritinstrumentum,
812 1378 927 1434 eumque

139 1470 247 1524 semper
260 1456 449 1526 significaverit
464 1456 627 1522 adiuturum,
640 1472 719 1527 quiem
739 1457 868 1512 tradimus
879 1470 928 1527 per

143 1554 246 1612 partum
263 1545 379 1613 Virginis
391 1544 448 1618 jam
459 1546 574 1611 uenisse,
586 1555 674 1601 tamen
690 1547 715 1600 in
732 1545 823 1601 orbem
843 1555 928 1602 terra·

141 1651 200 1690 rum
223 1637 257 1692 ab
283 1637 367 1707 ipsius
387 1640 471 1693 nostri
499 1639 647 1694 salvatoris
670 1637 784 1693 mirabili
798 1652 929 1695 manasse

142 1726 270 1795 probatur
279 1730 404 1783 adventu.
417 1728 479 1785 llaec
490 1738 577 1785 nutem
589 1730 684 1801 religio
698 1738 799 1799 nostra,
810 1743 871 1798 quar
882 1743 929 1784 ro·

142 1824 218 1873 eatur
237 1816 387 1875 Christiana
410 1829 490 1890 atque
509 1820 660 1889 Catlrolica,
686 1821 727 1875 iris
747 1820 929 1893 fundamentis

142 1909 325 1980 principaliter
351 1914 452 1979 nititur,
480 1930 624 1972 asserens:
647 1915 686 1968 Et
710 1925 821 1980 aeterno,
842 1915 930 1968 idest

981 1174 1096 1229 Nurum.
1116 1173 1182 1227 Nam
1202 1173 1271 1227 sicut
1295 1169 1358 1225 iliud
1381 1168 1491 1224 omniuo
1513 1181 1590 1223 error
1603 1180 1696 1221 eorum
1716 1176 1771 1221 non

980 1266 1085 1335 recipit,
1107 1265 1144 1319 ita
1159 1279 1193 1318 ex
1217 1263 1320 1334 uirgine
1334 1262 1536 1333 generationem
1558 1259 1622 1316 Filii
1643 1273 1698 1315 non
1713 1257 1770 1313 uult

981 1357 1133 1423 admittere,
1150 1371 1184 1412 ue
1205 1355 1321 1411 humano
1333 1369 1444 1423 corpore
1459 1353 1561 1423 polluta
1585 1351 1707 1408 rideatur
1719 1348 1768 1405 ost

983 1447 1065 1503 luisse
1086 1456 1191 1502 natura.
1208 1445 1262 1501 Sed
1277 1445 1311 1500 de
1333 1445 1375 1499 lris
1393 1445 1537 1508 inactenns;
1554 1457 1604 1498 suo
1618 1442 1689 1498 enirn
1710 1440 1771 1496 loco

983 1548 1116 1608 ponentur
1129 1539 1199 1592 sicut
1211 1536 1278 1592 ordo
1292 1537 1459 1591 necessarius
1476 1533 1626 1605 postularit.

1020 1632 1089 1702 Ergo
1102 1630 1193 1685 diune
1208 1645 1240 1684 ex
1254 1637 1357 1684 aeterno
1371 1639 1476 1694 natura,
1487 1635 1516 1683 et
1527 1626 1554 1680 in
1569 1635 1700 1696 aternum
1713 1622 1773 1678 sine

982 1722 1072 1792 aliqua
1098 1705 1277 1776 mutabilitate
1292 1719 1450 1789 perdurans,
1475 1717 1526 1774 sibi
1550 1727 1650 1772 rantum
1665 1712 1773 1771 conseia

983 1814 1120 1869 voluntate
1137 1824 1234 1882 sponte
1254 1810 1381 1866 mondum
1397 1811 1481 1865 uoluit
1492 1809 1633 1878 fabricare,
1658 1796 1776 1876 eumque

984 1920 1045 1961 cunr
1065 1904 1176 1961 omuino
1191 1918 1245 1958 non
1265 1912 1347 1967 essct,
1370 1902 1432 1958 lecit
1452 1912 1479 1956 ut
1499 1911 1588 1967 esset;
1603 1915 1652 1957 nec
1665 1915 1697 1955 ex
1710 1900 1773 1956 sub·

143 2011 206 2058 ante
217 2004 307 2059 mundi
323 2006 549 2072 constitutionem,
563 2005 931 2075 anteumneridelieetquotl
947 1997 1082 2069 leilsslia
1101 2010 1148 2051 ⁵¹¹³
1166 1994 1286 2065 ilf⁰¹l¹¹l¹r
1310 2010 1344 2050 ¹¹0
1359 1993 1465 2050 dlllssllss
1486 2002 1578 2048 nilum
1598 1992 1752 2047 crederem?
1762 2004 1771 2057 ἰ

144 2097 272 2164 temporis
287 2107 374 2166 potest
389 2098 505 2153 retinere
520 2097 689 2164 vocabulum,
703 2097 818 2151 divinam
833 2094 930 2163 Patris,

144 2205 175 2246 ac
188 2188 260 2255 Filii,
276 2202 303 2245 et
323 2190 438 2261 Spiritus
457 2193 554 2258 sancti,
574 2191 708 2247 exstitisse
727 2190 900 2245 substantiam
921 2204 930 2243 r

144 2289 174 2336 ut
183 2282 266 2337 Deum
280 2282 350 2337 dicat
362 2283 479 2349 Patrem,
488 2285 571 2338 Deum
587 2283 694 2349 Filium,
707 2284 790 2337 Deum
804 2281 930 2349 Spiritum

144 2380 279 2435 sanctum,
294 2386 346 2426 non
370 2381 458 2426 tamen
475 2383 529 2428 tres
549 2373 635 2439 ileos,
651 2371 697 2428 sed
717 2387 809 2427 unum.
826 2371 931 2427 Patrem

144 2459 233 2531 itaque
249 2462 347 2517 babere
363 2463 457 2518 Filium
483 2479 515 2518 ex
538 2463 686 2519 substantia
708 2479 756 2518 sua
771 2464 890 2533 genitum
905 2474 933 2519 et

143 2550 194 2603 sibi
211 2561 271 2606 nota
292 2555 396 2608 ratione
416 2564 588 2620 coeternum,
607 2571 687 2625 quern
705 2554 801 2610 Filium
822 2563 933 2610 eatenus

143 2641 286 2699 conilterur
307 2646 383 2706 lides.
406 2655 435 2701 ut
456 2647 563 2701 nonsit
584 2647 656 2702 idem
673 2649 718 2719 qui
738 2647 825 2711 Pater,
846 2659 934 2715 neque

146 2731 250 2787 Patrem
267 2735 409 2806 aliquando
422 2737 503 2792 luisse
520 2738 539 2791 F
542 2737 628 2808 iliuxu,
645 2754 679 2794 ue
694 2753 785 2794 rursus
801 2738 826 2792 in
846 2735 935 2792 inlini·

146 2831 201 2878 tum
217 2824 352 2880 humanus
364 2828 469 2882 animus
481 2828 599 2882 diuinam
612 2827 764 2899 progeniem
786 2827 932 2898 cogitaret;

146 2929 231 2984 neque
245 2915 342 2970 Filium
359 2920 386 2971 in
405 2920 498 2975 eadem
515 2932 609 2974 natura
623 2934 675 2990 qua
697 2920 768 2975 Patri
783 2929 935 2974 coeternus
955 2932 959 2953 ¹

147 3014 198 3071 est,
220 3008 363 3077 aliquando
378 3009 433 3064 lieri
452 3011 570 3075 Patrem,
587 3027 621 3067 ne
642 3026 736 3067 rursus
757 3012 782 3066 in
803 3011 935 3066 infinitum

147 3100 237 3155 diviua
260 3103 400 3173 progenies
425 3106 594 3172 tenderetur;
621 3115 743 3162 sanctum
767 3120 832 3161 vcro
852 3104 936 3174 Spiri-

148 3200 317 3265 iamneque
338 3196 444 3252 Patrem
464 3213 525 3255 esse
540 3215 624 3270 ineque
644 3200 751 3267 Filium,
773 3208 852 3270 utque
875 3200 936 3255 ideo

147 3288 218 3342 nulia
234 3298 327 3342 natura
343 3305 429 3360 nenne
443 3293 560 3361 genitum
575 3308 662 3364 uenire
681 3304 866 3366 generantem,
887 3292 936 3349 sed

984 2103 1072 2158 neque
1081 2087 1188 2142 aliunde
1199 2087 1309 2142 molitus
1320 2095 1371 2151 cst,
1393 2085 1492 2155 usiam
1515 2084 1660 2139 exstitisset
1673 2079 1773 2153 aliquid

983 2178 1054 2249 quod
1070 2177 1128 2247 ejus
1140 2176 1306 2232 voluntatem
1319 2177 1460 2232 existentia
1476 2175 1590 2245 propriso
1605 2183 1707 2229 nature
1728 2173 1774 2244 itt·

984 2280 1068 2337 raret,
1083 2277 1163 2342 atque
1176 2280 1260 2338 esset,
1281 2269 1351 2340 quod
1367 2284 1452 2338 neque
1465 2269 1499 2322 ab
1512 2268 1570 2338 ipso
1581 2267 1678 2321 iactum
1689 2275 1773 2330 esset,

985 2374 1114 2420 ettamen
1137 2370 1227 2428 essct;
1252 2361 1300 2418 sed
1315 2361 1399 2417 verbo
1422 2361 1548 2429 produxit
1567 2360 1660 2425 coelos,
1677 2369 1775 2414 terram

984 2456 1098 2521 crearit,
1110 2455 1146 2509 ita
1159 2461 1189 2509 ut
1202 2453 1305 2510 ceteri
1318 2452 1482 2508 liabitatioue
1494 2451 1589 2521 dignas
1610 2451 1679 2506 coeio
1698 2458 1776 2504 natu·

985 2563 1029 2604 ras
1042 2548 1170 2611 efiiceret,
1187 2561 1219 2602 ao
1234 2557 1313 2601 terre
1333 2555 1440 2601 terrena
1454 2551 1638 2615 componeret.
1664 2541 1702 2598 tte
1719 2556 1775 2598 coe-

986 2643 1099 2699 lestibus
1113 2652 1204 2698 autern
1227 2643 1339 2710 naturis,
1362 2657 1421 2712 quae
1441 2640 1629 2696 urrirersaliter
1647 2647 1778 2695 uocantur

986 2734 1121 2805 angelicae,
1138 2734 1262 2804 quamuis
1277 2734 1332 2789 illic
1353 2735 1487 2789 distinctis
1506 2733 1645 2790 ordinibus
1665 2732 1777 2802 pulclxra

986 2826 1041 2880 sint
1052 2827 1151 2891 omnia,
1167 2840 1229 2896 pars
1243 2835 1333 2880 tamen
1347 2825 1468 2896 quaedam
1480 2827 1539 2894 plus
1553 2833 1681 2895 appetens
1696 2838 1777 2894 quam

987 2916 1120 2972 eluatura
1140 2927 1221 2987 atque
1236 2917 1321 2986 ipsius
1349 2926 1442 2970 auctor
1464 2926 1565 2971 naturas
1582 2917 1720 2981 tribuerat,
1743 2916 1779 2972 de

987 3009 1089 3064 coluri
1104 3009 1169 3064 sede
1181 3007 1299 3080 projecta
1309 3018 1361 3067 est.
1376 3009 1411 3065 lit
1422 3011 1547 3080 quoniam
1563 3012 1717 3080 angelorum
1728 3026 1779 3067 nu·

988 3088 1103 3167 merum,
1126 3100 1153 3155 id
1168 3108 1210 3156 est
1231 3115 1355 3172 superus
1376 3102 1449 3156 illius
1469 3102 1593 3169 civitatis,
1616 3103 1780 3173 cujuscires

988 3195 1076 3264 angeli
1089 3202 1162 3264 sunt,
1175 3195 1346 3251 imminutum
1370 3196 1457 3250 uoluit
1475 3195 1597 3250 conditor
1609 3210 1777 3269 permanere,

989 3284 1114 3342 lormarit
1127 3301 1161 3342 ex
1183 3296 1255 3343 terra
1277 3287 1414 3344 homiuem
1428 3297 1508 3358 atque
1528 3289 1623 3358 spiritu
1637 3289 1700 3344 rite
1720 3288 1805 3345 ani··

147 3392 162 3431 a
177 3376 254 3433 Patre
269 3395 374 3451 quoque
388 3384 575 3451 procedentem
589 3393 617 3439 et
631 3383 709 3441 Filio.
731 3385 795 3450 Quis
818 3386 853 3440 sit
876 3393 936 3440 tan·
950 3385 974 3451 c
990 3377 1083 3446 mavit,
1098 3379 1203 3435 ratione
1219 3381 1381 3449 composuit,
1402 3380 1505 3435 arbitrii
1520 3381 1643 3436 libertate
1663 3382 1779 3439 decora-

148 3477 204 3524 tum
228 3469 408 3541 processionis
429 3472 507 3529 istius
531 3474 628 3530 nrodus
651 3475 686 3530 ita
717 3490 770 3530 uon
797 3490 938 3544 possumus

149 3559 286 3617 evidenter
300 3563 406 3629 dicere,
420 3566 644 3635 quemadmodum
659 3568 862 3637 generationem
876 3568 937 3624 Filii

151 3666 185 3707 ex
200 3662 308 3723 paterna
328 3657 476 3712 substantia
496 3674 548 3713 non
570 3669 659 3729 potest
679 3660 811 3715 humanus
833 3663 939 3716 animus

151 3745 293 3800 aestimare.
311 3746 373 3801 llaec
393 3757 483 3803 autem
499 3758 533 3802 ut.
546 3751 701 3816 credantur,
726 3763 802 3808 uetus
822 3768 853 3806 nc
870 3768 938 3808 nora

151 3831 277 3888 inlormat
300 3836 441 3891 instructio
461 3856 468 3892 :
487 3839 521 3893 de
544 3856 606 3909 qua,
622 3841 695 3895 uelut
714 3856 778 3897 arce
799 3842 938 3913 religionis

152 3935 261 3990 nostra,
277 3927 350 3980 multi
364 3926 482 3992 diversa,
498 3937 526 3983 et
541 3930 702 3997 immaniter,
716 3941 795 4003 atque
811 3942 838 3987 ut
849 3934 885 3989 ita
899 3933 940 3989 di·

152 4029 221 4082 cam,
235 4016 377 4071 carnaliter
396 4017 556 4086 sentientes,
571 4021 681 4076 aduersa
696 4021 778 4077 locuti
793 4031 856 4077 sunt
878 4041 885 4076 ε
911 4033 940 4081 ut

151 4106 244 4173 brius,
264 4107 320 4177 qui,
337 4108 399 4162 licet
417 4108 501 4163 ileum
527 4111 598 4165 dicat
619 4111 726 4178 Filium,
748 4114 875 4169 minorem
900 4121 940 4170 ta·

150 4216 211 4257 men
223 4200 303 4256 Patre
317 4202 502 4272 multipliciter
515 4212 543 4258 et
563 4215 639 4260 extra
660 4203 746 4260 Patris
762 4207 939 4264 substantiam

150 4296 302 4353 coniltetur.
331 4298 475 4353 Sabelliani
496 4314 602 4368 quoque
632 4315 684 4355 nou
717 4312 771 4357 tres
793 4304 940 4357 existentes

152 4400 290 4455 personas,
315 4388 363 4443 sed
385 4403 464 4442 unam
480 4392 537 4444 ausi
553 4401 613 4445 sunt
634 4390 790 4452 afirmare:
814 4393 939 4449 eumdem

151 4476 271 4532 dicentes
285 4477 388 4533 Patrem
402 4495 464 4534 esse
478 4482 522 4550 qui
537 4479 619 4537 Filius
633 4493 688 4549 est;
701 4485 881 4555 eumdemque
895 4482 941 4539 Fi·

152 4569 216 4624 lium
231 4571 275 4641 qul
291 4569 370 4627 Pater
383 4583 439 4638 est;
461 4584 541 4645 atque
562 4575 690 4644 Spiritum
716 4588 837 4633 sanctum
860 4592 939 4634 eum·

993 3471 1041 3537 rit,
1053 3485 1180 3541 eumque,
1193 3470 1301 3540 prefixa
1313 3473 1383 3542 lege,
1391 3470 1507 3541 paradisi
1517 3472 1621 3529 deliciis
1631 3474 1781 3546 constituit,

991 3572 1030 3627 ut,
1052 3562 1074 3617 ri
1094 3561 1153 3618 sine
1171 3570 1282 3632 peccato
1293 3577 1403 3618 manere
1416 3564 1509 3631 uellet,
1525 3573 1578 3619 tam
1601 3564 1688 3635 ipsum
1702 3581 1783 3637 quam

991 3652 1049 3722 ejus
1065 3655 1219 3725 progeniem
1234 3655 1363 3725 angelicis
1383 3655 1498 3712 eoetibus
1518 3657 1656 3712 sociaret:
1674 3669 1702 3713 ut
1720 3659 1783 3731 quia

991 3745 1115 3817 superior
1131 3755 1226 3801 natura
1247 3761 1295 3816 per
1314 3749 1448 3819 superbiae
1467 3751 1569 3805 malum
1584 3750 1636 3805 ima
1658 3752 1782 3822 petierat,

991 3834 1103 3892 inferior
1115 3838 1263 3894 substantia
1276 3854 1324 3908 per
1335 3839 1494 3897 irnmilitaris
1509 3843 1607 3897 bonum
1618 3844 1651 3899 ad
1667 3857 1783 3913 superna

992 3929 1196 3985 corucenderet.
1212 3930 1267 3985 Sed
1283 3930 1329 3986 ille
1340 3941 1434 3987 auctor
1449 3932 1555 3988 invidie
1568 3948 1621 3988 non
1635 3933 1725 3990 serens
1735 3934 1785 3991 io·

991 4020 1091 4075 minem
1106 4019 1171 4076 illuc
1184 4020 1343 4087 ascendere,
1360 4024 1403 4076 ubi
1419 4023 1541 4093 ipsenon
1558 4026 1655 4079 meruit
1675 4040 1784 4094 perma-

992 4126 1067 4178 nere,
1084 4111 1231 4167 tentatione
1246 4111 1366 4167 adhibita
1380 4111 1444 4167 lecit
1462 4113 1545 4167 etiam
1569 4115 1655 4181 ipsum
1673 4115 1786 4186 ejusque

992 4217 1164 4272 comparens,
1180 4218 1259 4273 quarn
1273 4201 1376 4273 deeius
1391 4205 1476 4258 latere
1490 4203 1620 4260 lormatnr
1638 4208 1785 4275 generandi

992 4310 1071 4352 causa
1084 4296 1257 4367 produxerat,
1273 4295 1462 4351 inobedientiae
1480 4297 1619 4366 suppliciis
1632 4298 1784 4382 subiacere,

993 4392 1018 4447 ei
1031 4405 1135 4461 quoque
1155 4390 1323 4447 diuinitatem
1343 4390 1501 4460 promittens
1523 4389 1684 4455 adiuturam,
1704 4406 1783 4462 quaor

992 4482 1043 4537 sibi
1054 4484 1117 4538 dum
1131 4493 1290 4552 arroganter
1302 4491 1425 4552 usurpat,
1445 4484 1528 4539 elisus
1542 4492 1594 4538 est.
1612 4484 1675 4539 llsc
1694 4494 1785 4540 autent

992 4574 1130 4632 reuelante
1143 4576 1198 4632 lieo
1209 4576 1293 4646 ilrrysi
1312 4574 1415 4630 lamulo
1427 4589 1477 4630 suo
1493 4585 1630 4644 comperta
1644 4587 1717 4646 suxit,
1740 4576 1785 4633 cul

89 4720 92 4733 ι
152 4660 212 4715 dem
229 4663 349 4732 assequi
372 4663 450 4719 Pater
464 4675 491 4720 et
506 4664 590 4721 Filius
604 4676 661 4733 est;
683 4684 714 4723 ac
729 4684 777 4739 per
793 4670 844 4725 lroe
859 4685 938 4726 unam
993 4668 1075 4723 ctiam
1098 4668 1207 4722 humani
1225 4669 1333 4738 generis
1353 4668 1533 4724 conditionem
1553 4679 1634 4739 atque
1653 4672 1785 4741 originem

153 4752 245 4808 dicunt
258 4769 318 4811 esse
332 4771 485 4827 personans,
509 4760 559 4815 sub
572 4760 762 4815 vocabulorum
785 4762 939 4819 diuersitate
953 4757 979 4819 l)
993 4759 1077 4815 voluit
1089 4759 1269 4827 innotescere,
1287 4761 1357 4815 sieut
1370 4760 1404 4815 ab
1414 4774 1447 4815 eo
1457 4759 1519 4815 libri
1530 4761 1627 4830 prolati
1641 4769 1783 4819 testantur.

153 4847 293 4919 signatam.
315 4847 453 4905 llaniclraei
469 4867 586 4922 quoque,
603 4852 648 4922 qui
659 4854 712 4909 duo
725 4854 864 4923 principia,
888 4854 939 4912 sibi
993 4853 1087 4910 Orontis
1100 4851 1190 4908 divina
1202 4854 1349 4908 auctoritas
1363 4853 1404 4907 iris
1423 4852 1511 4908 modis
1527 4865 1652 4910 constare
1666 4853 1782 4922 viderer,

153 4948 287 4994 coaeterna
314 4952 341 4995 et
365 4941 489 5009 adversa,
512 4944 679 5013 prolitentur,
707 4946 872 5014 unigenitum
893 4947 940 5003 Dei
994 4951 1081 5000 utaut
1094 4941 1240 4999 historialis
1254 4943 1406 5008 modussit,
1421 4942 1547 5013 qrrinibil
1566 4944 1639 4999 aliud
1663 4944 1714 5001 nisi
1737 4957 1784 5001 res

153 5045 278 5085 essenon
293 5030 405 5089 credunt
422 5051 428 5086 ε
446 5034 582 5105 indiguum
596 5036 668 5091 enim
682 5037 812 5106 judicant,
828 5039 851 5093 si
870 5037 940 5094 licus

155 5121 347 5177 traberetiiium
375 5124 505 5192 uideatur,
533 5125 598 5182 nibil
621 5127 691 5183 aliud
716 5129 864 5199 cogitantes
887 5129 939 5186 nisi

154 5213 313 5280 carna’iuu3
326 5225 357 5270 ut
369 5214 431 5285 quia
445 5214 502 5272 lraec
516 5218 655 5287 generatio
670 5218 783 5275 duorum
797 5235 939 5291 corporum

154 5305 344 5362 commixtione
367 5308 499 5377 procedit,
513 5309 568 5365 illic
591 5326 696 5382 quoquo
718 5314 855 5384 iudignum
879 5330 941 5371 esse

155 5393 320 5452 intellectum
337 5398 489 5466 liujusruodi
511 5401 668 5471 applicare:
683 5419 743 5473 que
763 5420 806 5460 res
825 5420 872 5460 eos
891 5421 941 5462 nec

157 5482 238 5541 lictus
254 5487 317 5541 iacit
332 5487 450 5558 recipere
465 5487 675 5560 ¹l'estamentum,
689 5509 775 5566 neque
794 5496 819 5550 in
835 5497 940 5568 integro

191 5610 203 5639 ¹
222 5602 384 5670 Opusculum
398 5601 458 5666 lroc,
471 5601 540 5671 quod
552 5616 621 5655 nunc
634 5605 745 5671 primum
758 5607 855 5675 publici
869 5608 939 5676 iuris

156 5675 279 5736 iacimus,
296 5674 377 5727 linetii
392 5688 463 5736 esse,
477 5674 535 5740 ipse
554 5672 681 5727 orationis
692 5677 778 5747 stylus
793 5688 821 5732 et
841 5687 940 5749 myste-

154 5747 255 5799 riorum
271 5744 411 5813 reiiginnis
425 5743 584 5797 (ltrristianae
598 5744 680 5796 series
692 5747 878 5814 compendiosa
899 5749 940 5803 sic

154 5817 362 5881 centimanum
371 5814 470 5869 addere
481 5813 591 5869 utiuune
599 5827 710 5871 necesse
718 5817 869 5875 sirexstare
878 5821 937 5890 eim

994 5047 1085 5106 gestas
1097 5035 1232 5101 enuntiet,
1251 5044 1298 5089 aut
1318 5035 1489 5104 allegoricus,
1510 5046 1540 5090 ut
1561 5051 1614 5091 non
1638 5035 1677 5091 ilii
1699 5038 1785 5106 porus

995 5125 1114 5182 tristeris
1128 5124 1196 5181 ordo
1208 5126 1368 5193 consistere,
1382 5138 1427 5180 aut
1446 5137 1521 5182 certe
1532 5141 1565 5181 ex
1580 5127 1698 5197 utrisque
1710 5140 1785 5183 con-

996 5219 1111 5292 positus,
1126 5227 1157 5275 ut
1175 5218 1362 5276 etsecundum
1386 5219 1524 5275 lristoriaur
1535 5229 1564 5276 et
1583 5220 1731 5276 seeundum
1743 5219 1786 5278 sl·

997 5314 1126 5384 legoriam
1139 5328 1249 5369 manere
1259 5311 1393 5369 videatur.
1405 5312 1469 5368 llaec
1478 5322 1567 5370 autem
1581 5314 1624 5382 pie
1634 5314 1785 5384 intelligen-

996 5405 1069 5461 tibus
1093 5413 1121 5460 et
1139 5404 1227 5459 ueraci
1249 5402 1330 5457 corde
1354 5401 1505 5457 tenentibus
1530 5403 1607 5471 satis,
1622 5403 1782 5474 abundeque

994 5494 1125 5552 relucent.
1139 5492 1191 5549 Sed
1206 5491 1239 5548 ad
1253 5491 1376 5548 ordinem
1389 5491 1541 5549 redeamus.

993 5606 1104 5663 nomine
1114 5602 1180 5659 illud
1194 5602 1220 5657 in
1231 5616 1302 5667 meo,
1314 5602 1478 5668 Fossatensi,
1491 5601 1575 5676 Regin
1585 5613 1615 5661 et
1626 5607 1654 5662 S.
1667 5606 1785 5671 lictoris

994 5675 1127 5741 codicib,
1143 5683 1172 5728 ut
1196 5689 1245 5730 eos
1259 5681 1361 5730 taceam
1381 5688 1414 5730 ex
1434 5677 1531 5746 quibus
1551 5677 1623 5733 idem
1643 5680 1698 5748 jam
1717 5676 1785 5739 olim

995 5754 1137 5805 monuerat
1149 5743 1304 5815 Tritemius,
1318 5744 1364 5817 qui
1377 5743 1474 5804 librum
1485 5745 1517 5802 de
1527 5744 1595 5803 Fide
1610 5764 1697 5806 vocar.
