<?xml version="1.0" encoding="UTF-8"?>
<!DOCTYPE html PUBLIC "-//W3C//DTD XHTML 1.0 Transitional//EN"
    "http://www.w3.org/TR/xhtml1/DTD/xhtml1-transitional.dtd">
<html xmlns="http://www.w3.org/1999/xhtml" xml:lang="en" lang="en">
 <head>
  <title>
</title>
<meta http-equiv="Content-Type" content="text/html;charset=utf-8" />
  <meta name='ocr-system' content='tesseract 3.04.00' />
  <meta name='ocr-capabilities' content='ocr_page ocr_carea ocr_par ocr_line ocrx_word'/>
</head>
<body>
  <div class='ocr_page' id='page_1' title='image "./patrologiaecurs16goog_0631.png"; bbox 0 0 3946 6186; ppageno 0'>
   <div class='ocr_carea' id='block_1_1' title="bbox 180 289 1823 353">
    <p class='ocr_par' dir='ltr' id='par_1_1' title="bbox 180 289 1823 353">
     <span class='ocr_line' id='line_1_1' title="bbox 180 289 1823 353; baseline 0.001 -1"><span class='ocrx_word' id='word_1_1' title='bbox 180 298 252 352; x_wconf 72' lang='lat' dir='ltr'><strong>laet</strong></span> <span class='ocrx_word' id='word_1_2' title='bbox 606 289 775 346; x_wconf 73' lang='lat' dir='ltr'><strong>sardonti</strong></span> <span class='ocrx_word' id='word_1_3' title='bbox 796 291 840 348; x_wconf 81' lang='lat' dir='ltr'><strong>ab</strong></span> <span class='ocrx_word' id='word_1_4' title='bbox 860 291 971 347; x_wconf 75' lang='lat' dir='ltr'><strong>orout</strong></span> <span class='ocrx_word' id='word_1_5' title='bbox 996 294 1240 351; x_wconf 76' lang='lat' dir='ltr'><strong>ettttatSbl‘lttca</strong></span> <span class='ocrx_word' id='word_1_6' title='bbox 1263 296 1385 352; x_wconf 62' lang='lat' dir='ltr'><strong>boterii.</strong></span> <span class='ocrx_word' id='word_1_7' title='bbox 1734 293 1823 353; x_wconf 63' lang='lat' dir='ltr'><strong>3123ss</strong></span> 
     </span>
    </p>
   </div>
   <div class='ocr_carea' id='block_1_2' title="bbox 179 403 1819 614">
    <p class='ocr_par' dir='ltr' id='par_1_2' title="bbox 179 403 1819 614">
     <span class='ocr_line' id='line_1_2' title="bbox 179 403 1819 478; baseline 0 -14"><span class='ocrx_word' id='word_1_8' title='bbox 179 412 293 464; x_wconf 70' lang='lat' dir='ltr'><strong>uilitate.</strong></span> <span class='ocrx_word' id='word_1_9' title='bbox 311 409 444 465; x_wconf 54' lang='lat' dir='ltr'><strong>litteratos,</strong></span> <span class='ocrx_word' id='word_1_10' title='bbox 461 404 580 472; x_wconf 88' lang='lat' dir='ltr'><strong>inquam,</strong></span> <span class='ocrx_word' id='word_1_11' title='bbox 594 403 732 467; x_wconf 75' lang='lat' dir='ltr'><strong>coercitio,</strong></span> <span class='ocrx_word' id='word_1_12' title='bbox 745 404 838 459; x_wconf 89' lang='lat' dir='ltr'><strong>docilis</strong></span> <span class='ocrx_word' id='word_1_13' title='bbox 848 405 965 474; x_wconf 79' lang='lat' dir='ltr'><strong>iugenio,</strong></span> <span class='ocrx_word' id='word_1_14' title='bbox 983 409 1006 465; x_wconf 74' lang='lat' dir='ltr'><strong>,i</strong></span> <span class='ocrx_word' id='word_1_15' title='bbox 1020 405 1200 476; x_wconf 68' lang='lat' dir='ltr'><strong>deteriorque.</strong></span> <span class='ocrx_word' id='word_1_16' title='bbox 1216 406 1340 460; x_wconf 83' lang='lat' dir='ltr'><strong>interitus</strong></span> <span class='ocrx_word' id='word_1_17' title='bbox 1352 415 1441 461; x_wconf 81' lang='lat' dir='ltr'><strong>erilem</strong></span> <span class='ocrx_word' id='word_1_18' title='bbox 1458 404 1755 475; x_wconf 76' lang='lat' dir='ltr'><strong>ilyaetorimnumem</strong></span> <span class='ocrx_word' id='word_1_19' title='bbox 1769 427 1819 478; x_wconf 79' lang='lat' dir='ltr'><strong>pr·</strong></span> 
     </span>
     <span class='ocr_line' id='line_1_3' title="bbox 185 474 1815 543; baseline 0 -8"><span class='ocrx_word' id='word_1_20' title='bbox 185 479 329 535; x_wconf 66' lang='lat' dir='ltr'><strong>massacius</strong></span> <span class='ocrx_word' id='word_1_21' title='bbox 343 476 443 529; x_wconf 86' lang='lat' dir='ltr'><strong>animo.</strong></span> <span class='ocrx_word' id='word_1_22' title='bbox 461 476 595 538; x_wconf 85' lang='lat' dir='ltr'><strong>litteratus,</strong></span> <span class='ocrx_word' id='word_1_23' title='bbox 612 475 731 540; x_wconf 86' lang='lat' dir='ltr'><strong>inquam,</strong></span> <span class='ocrx_word' id='word_1_24' title='bbox 747 474 779 527; x_wconf 88' lang='lat' dir='ltr'><strong>ad</strong></span> <span class='ocrx_word' id='word_1_25' title='bbox 791 476 965 543; x_wconf 83' lang='lat' dir='ltr'><strong>audiendum,</strong></span> <span class='ocrx_word' id='word_1_26' title='bbox 1023 485 1059 528; x_wconf 88' lang='lat' dir='ltr'><strong>tot</strong></span> <span class='ocrx_word' id='word_1_27' title='bbox 1070 487 1096 528; x_wconf 85' lang='lat' dir='ltr'><strong>ot</strong></span> <span class='ocrx_word' id='word_1_28' title='bbox 1110 476 1231 530; x_wconf 75' lang='lat' dir='ltr'><strong>lusimus.</strong></span> <span class='ocrx_word' id='word_1_29' title='bbox 1245 478 1277 528; x_wconf 82' lang='lat' dir='ltr'><strong>lit</strong></span> <span class='ocrx_word' id='word_1_30' title='bbox 1291 478 1353 529; x_wconf 89' lang='lat' dir='ltr'><strong>alibi</strong></span> <span class='ocrx_word' id='word_1_31' title='bbox 1369 478 1517 529; x_wconf 78' lang='lat' dir='ltr'><strong>riiereticis</strong></span> <span class='ocrx_word' id='word_1_32' title='bbox 1531 477 1599 530; x_wconf 88' lang='lat' dir='ltr'><strong>labia</strong></span> <span class='ocrx_word' id='word_1_33' title='bbox 1614 480 1703 533; x_wconf 82' lang='lat' dir='ltr'><strong>larum</strong></span> <span class='ocrx_word' id='word_1_34' title='bbox 1719 481 1815 536; x_wconf 76' lang='lat' dir='ltr'><strong>distri·</strong></span> 
     </span>
     <span class='ocr_line' id='line_1_4' title="bbox 184 543 1810 614; baseline 0.001 -10"><span class='ocrx_word' id='word_1_35' title='bbox 184 548 279 604; x_wconf 89' lang='lat' dir='ltr'><strong>docilis</strong></span> <span class='ocrx_word' id='word_1_36' title='bbox 295 547 326 599; x_wconf 91' lang='lat' dir='ltr'><strong>ad</strong></span> <span class='ocrx_word' id='word_1_37' title='bbox 348 543 564 614; x_wconf 78' lang='lat' dir='ltr'><strong>intelligendum,</strong></span> <span class='ocrx_word' id='word_1_38' title='bbox 579 544 726 598; x_wconf 83' lang='lat' dir='ltr'><strong>beneiuius</strong></span> <span class='ocrx_word' id='word_1_39' title='bbox 740 545 774 597; x_wconf 90' lang='lat' dir='ltr'><strong>ad</strong></span> <span class='ocrx_word' id='word_1_40' title='bbox 787 545 966 600; x_wconf 87' lang='lat' dir='ltr'><strong>retinendum.</strong></span> <span class='ocrx_word' id='word_1_41' title='bbox 1020 547 1092 605; x_wconf 85' lang='lat' dir='ltr'><strong>latit,</strong></span> <span class='ocrx_word' id='word_1_42' title='bbox 1109 545 1154 598; x_wconf 84' lang='lat' dir='ltr'><strong>sod</strong></span> <span class='ocrx_word' id='word_1_43' title='bbox 1177 545 1337 598; x_wconf 76' lang='lat' dir='ltr'><strong>atrmntmnn</strong></span> <span class='ocrx_word' id='word_1_44' title='bbox 1354 544 1412 612; x_wconf 81' lang='lat' dir='ltr'><strong>eiras</strong></span> <span class='ocrx_word' id='word_1_45' title='bbox 1425 547 1570 600; x_wconf 67' lang='lat' dir='ltr'><strong>clarissima</strong></span> <span class='ocrx_word' id='word_1_46' title='bbox 1586 550 1810 606; x_wconf 80' lang='lat' dir='ltr'><strong>sarbuti-istram.</strong></span> 
     </span>
    </p>
   </div>
   <div class='ocr_carea' id='block_1_3' title="bbox 177 615 967 1940">
    <p class='ocr_par' dir='ltr' id='par_1_3' title="bbox 177 615 967 1940">
     <span class='ocr_line' id='line_1_5' title="bbox 184 615 965 684; baseline -0.004 -11"><span class='ocrx_word' id='word_1_47' title='bbox 184 620 235 673; x_wconf 89' lang='lat' dir='ltr'><strong>ista</strong></span> <span class='ocrx_word' id='word_1_48' title='bbox 250 630 312 672; x_wconf 85' lang='lat' dir='ltr'><strong>roro</strong></span> <span class='ocrx_word' id='word_1_49' title='bbox 327 617 376 669; x_wconf 90' lang='lat' dir='ltr'><strong>tria</strong></span> <span class='ocrx_word' id='word_1_50' title='bbox 387 615 419 668; x_wconf 91' lang='lat' dir='ltr'><strong>ad</strong></span> <span class='ocrx_word' id='word_1_51' title='bbox 432 615 621 683; x_wconf 69' lang='lat' dir='ltr'><strong>perfectionem</strong></span> <span class='ocrx_word' id='word_1_52' title='bbox 635 625 798 671; x_wconf 86' lang='lat' dir='ltr'><strong>corrrurrunt</strong></span> <span class='ocrx_word' id='word_1_53' title='bbox 814 617 965 684; x_wconf 85' lang='lat' dir='ltr'><strong>permotati.</strong></span> 
     </span>
     <span class='ocr_line' id='line_1_6' title="bbox 184 683 967 756; baseline -0.005 -14"><span class='ocrx_word' id='word_1_54' title='bbox 184 687 240 742; x_wconf 85' lang='lat' dir='ltr'><strong>Nou</strong></span> <span class='ocrx_word' id='word_1_55' title='bbox 262 689 395 743; x_wconf 89' lang='lat' dir='ltr'><strong>sitanlem</strong></span> <span class='ocrx_word' id='word_1_56' title='bbox 411 683 541 738; x_wconf 86' lang='lat' dir='ltr'><strong>scindaris</strong></span> <span class='ocrx_word' id='word_1_57' title='bbox 563 685 699 752; x_wconf 76' lang='lat' dir='ltr'><strong>rlyscolus.</strong></span> <span class='ocrx_word' id='word_1_58' title='bbox 718 684 817 738; x_wconf 88' lang='lat' dir='ltr'><strong>ilicitur</strong></span> <span class='ocrx_word' id='word_1_59' title='bbox 832 700 864 738; x_wconf 91' lang='lat' dir='ltr'><strong>en</strong></span> <span class='ocrx_word' id='word_1_60' title='bbox 878 699 903 739; x_wconf 92' lang='lat' dir='ltr'><strong>m</strong></span> <span class='ocrx_word' id='word_1_61' title='bbox 918 688 967 756; x_wconf 81' lang='lat' dir='ltr'><strong>dy·</strong></span> 
     </span>
     <span class='ocr_line' id='line_1_7' title="bbox 184 753 964 824; baseline 0 -14"><span class='ocrx_word' id='word_1_62' title='bbox 184 758 272 813; x_wconf 91' lang='lat' dir='ltr'><strong>scoius</strong></span> <span class='ocrx_word' id='word_1_63' title='bbox 284 756 360 824; x_wconf 90' lang='lat' dir='ltr'><strong>quasi</strong></span> <span class='ocrx_word' id='word_1_64' title='bbox 378 770 392 807; x_wconf 90' lang='lat' dir='ltr'><strong>a</strong></span> <span class='ocrx_word' id='word_1_65' title='bbox 409 754 499 807; x_wconf 83' lang='lat' dir='ltr'><strong>seiiola</strong></span> <span class='ocrx_word' id='word_1_66' title='bbox 524 753 577 806; x_wconf 84' lang='lat' dir='ltr'><strong>diii</strong></span> <span class='ocrx_word' id='word_1_67' title='bbox 595 765 634 805; x_wconf 88' lang='lat' dir='ltr'><strong>us.</strong></span> <span class='ocrx_word' id='word_1_68' title='bbox 656 754 752 806; x_wconf 86' lang='lat' dir='ltr'><strong>Seliola</strong></span> <span class='ocrx_word' id='word_1_69' title='bbox 774 754 844 808; x_wconf 93' lang='lat' dir='ltr'><strong>cuim</strong></span> <span class='ocrx_word' id='word_1_70' title='bbox 861 754 964 820; x_wconf 79' lang='lat' dir='ltr'>Graece,</span> 
     </span>
     <span class='ocr_line' id='line_1_8' title="bbox 182 822 965 891; baseline -0.005 -9"><span class='ocrx_word' id='word_1_71' title='bbox 182 828 279 882; x_wconf 87' lang='lat' dir='ltr'><strong>dicitur</strong></span> <span class='ocrx_word' id='word_1_72' title='bbox 290 826 393 880; x_wconf 82' lang='lat' dir='ltr'><strong>vacatio</strong></span> <span class='ocrx_word' id='word_1_73' title='bbox 404 824 508 887; x_wconf 85' lang='lat' dir='ltr'><strong>Latino;</strong></span> <span class='ocrx_word' id='word_1_74' title='bbox 521 823 582 876; x_wconf 90' lang='lat' dir='ltr'><strong>inde</strong></span> <span class='ocrx_word' id='word_1_75' title='bbox 592 822 726 890; x_wconf 70' lang='lat' dir='ltr'><strong>dyscolus,</strong></span> <span class='ocrx_word' id='word_1_76' title='bbox 739 823 815 891; x_wconf 86' lang='lat' dir='ltr'><strong>qnasi</strong></span> <span class='ocrx_word' id='word_1_77' title='bbox 827 825 965 886; x_wconf 84' lang='lat' dir='ltr'><strong>vacatione</strong></span> 
     </span>
     <span class='ocr_line' id='line_1_9' title="bbox 182 892 963 965; baseline -0.005 -13"><span class='ocrx_word' id='word_1_78' title='bbox 182 897 293 953; x_wconf 81' lang='lat' dir='ltr'><strong>divisus.</strong></span> <span class='ocrx_word' id='word_1_79' title='bbox 309 895 531 965; x_wconf 75' lang='lat' dir='ltr'><strong>Dyscolusamem</strong></span> <span class='ocrx_word' id='word_1_80' title='bbox 549 892 645 947; x_wconf 74' lang='lat' dir='ltr'><strong>dir-itur</strong></span> <span class='ocrx_word' id='word_1_81' title='bbox 661 893 704 946; x_wconf 91' lang='lat' dir='ltr'><strong>ille</strong></span> <span class='ocrx_word' id='word_1_82' title='bbox 718 895 763 960; x_wconf 90' lang='lat' dir='ltr'><strong>qui</strong></span> <span class='ocrx_word' id='word_1_83' title='bbox 778 893 903 947; x_wconf 89' lang='lat' dir='ltr'><strong>discurrit</strong></span> <span class='ocrx_word' id='word_1_84' title='bbox 917 910 963 961; x_wconf 89' lang='lat' dir='ltr'><strong>per</strong></span> 
     </span>
     <span class='ocr_line' id='line_1_10' title="bbox 182 962 963 1033; baseline -0.008 -9"><span class='ocrx_word' id='word_1_85' title='bbox 182 972 267 1032; x_wconf 78' lang='lat' dir='ltr'><strong>vicos,</strong></span> <span class='ocrx_word' id='word_1_86' title='bbox 277 976 303 1021; x_wconf 91' lang='lat' dir='ltr'><strong>et</strong></span> <span class='ocrx_word' id='word_1_87' title='bbox 317 966 427 1033; x_wconf 76' lang='lat' dir='ltr'><strong>placeas,</strong></span> <span class='ocrx_word' id='word_1_88' title='bbox 439 973 467 1017; x_wconf 94' lang='lat' dir='ltr'><strong>et</strong></span> <span class='ocrx_word' id='word_1_89' title='bbox 477 964 611 1022; x_wconf 61' lang='lat' dir='ltr'><strong>tabernas.</strong></span> <span class='ocrx_word' id='word_1_90' title='bbox 622 972 648 1016; x_wconf 87' lang='lat' dir='ltr'><strong>et</strong></span> <span class='ocrx_word' id='word_1_91' title='bbox 662 962 832 1016; x_wconf 73' lang='lat' dir='ltr'>meretricum</span> <span class='ocrx_word' id='word_1_92' title='bbox 843 963 963 1025; x_wconf 85' lang='lat' dir='ltr'><strong>cellulas.</strong></span> 
     </span>
     <span class='ocr_line' id='line_1_11' title="bbox 183 1030 965 1108; baseline -0.008 -15"><span class='ocrx_word' id='word_1_93' title='bbox 183 1054 231 1108; x_wconf 89' lang='lat' dir='ltr'><strong>per</strong></span> <span class='ocrx_word' id='word_1_94' title='bbox 242 1057 252 1105; x_wconf 78' lang='grc' dir='ltr'><strong>ι·</strong></span> <span class='ocrx_word' id='word_1_95' title='bbox 259 1037 345 1092; x_wconf 86' lang='lat' dir='ltr'><strong>ablica</strong></span> <span class='ocrx_word' id='word_1_96' title='bbox 365 1047 429 1101; x_wconf 91' lang='lat' dir='ltr'><strong>spec</strong></span> <span class='ocrx_word' id='word_1_97' title='bbox 441 1033 532 1094; x_wconf 88' lang='lat' dir='ltr'><strong>acula,</strong></span> <span class='ocrx_word' id='word_1_98' title='bbox 560 1047 606 1100; x_wconf 87' lang='lat' dir='ltr'><strong>per</strong></span> <span class='ocrx_word' id='word_1_99' title='bbox 630 1046 742 1101; x_wconf 59' lang='lat' dir='ltr'><strong>&#39;iosippus</strong></span> <span class='ocrx_word' id='word_1_100' title='bbox 754 1043 780 1084; x_wconf 84' lang='lat' dir='ltr'><strong>et</strong></span> <span class='ocrx_word' id='word_1_101' title='bbox 793 1030 922 1094; x_wconf 86' lang='lat' dir='ltr'><strong>elioreas,</strong></span> <span class='ocrx_word' id='word_1_102' title='bbox 938 1045 965 1087; x_wconf 94' lang='lat' dir='ltr'><strong>et</strong></span> 
     </span>
     <span class='ocr_line' id='line_1_12' title="bbox 183 1102 964 1176; baseline -0.008 -12"><span class='ocrx_word' id='word_1_103' title='bbox 183 1124 230 1176; x_wconf 88' lang='lat' dir='ltr'><strong>per</strong></span> <span class='ocrx_word' id='word_1_104' title='bbox 252 1105 474 1164; x_wconf 76' lang='lat' dir='ltr'><strong>comessationes,</strong></span> <span class='ocrx_word' id='word_1_105' title='bbox 494 1114 521 1155; x_wconf 88' lang='lat' dir='ltr'><strong>et</strong></span> <span class='ocrx_word' id='word_1_106' title='bbox 545 1117 592 1169; x_wconf 87' lang='lat' dir='ltr'><strong>per</strong></span> <span class='ocrx_word' id='word_1_107' title='bbox 613 1102 732 1169; x_wconf 69' lang='lat' dir='ltr'><strong>publicas</strong></span> <span class='ocrx_word' id='word_1_108' title='bbox 748 1115 854 1167; x_wconf 85' lang='lat' dir='ltr'><strong>emitas,</strong></span> <span class='ocrx_word' id='word_1_109' title='bbox 867 1111 894 1156; x_wconf 90' lang='lat' dir='ltr'><strong>et</strong></span> <span class='ocrx_word' id='word_1_110' title='bbox 914 1103 964 1158; x_wconf 86' lang='lat' dir='ltr'><strong>irue</strong></span> 
     </span>
     <span class='ocr_line' id='line_1_13' title="bbox 182 1171 963 1247; baseline -0.006 -17"><span class='ocrx_word' id='word_1_111' title='bbox 182 1178 256 1247; x_wconf 71' lang='lat' dir='ltr'><strong>sapis</strong></span> <span class='ocrx_word' id='word_1_112' title='bbox 271 1176 370 1237; x_wconf 93' lang='lat' dir='ltr'><strong>oculis,</strong></span> <span class='ocrx_word' id='word_1_113' title='bbox 393 1183 420 1227; x_wconf 90' lang='lat' dir='ltr'><strong>et</strong></span> <span class='ocrx_word' id='word_1_114' title='bbox 442 1172 542 1226; x_wconf 80' lang='lat' dir='ltr'><strong>effrena</strong></span> <span class='ocrx_word' id='word_1_115' title='bbox 567 1171 672 1240; x_wconf 81' lang='lat' dir='ltr'><strong>liriguo,</strong></span> <span class='ocrx_word' id='word_1_116' title='bbox 698 1172 825 1238; x_wconf 74' lang='lat' dir='ltr'><strong>petulanti</strong></span> <span class='ocrx_word' id='word_1_117' title='bbox 852 1171 963 1236; x_wconf 93' lang='lat' dir='ltr'><strong>animo,</strong></span> 
     </span>
     <span class='ocr_line' id='line_1_14' title="bbox 181 1240 962 1312; baseline -0.006 -11"><span class='ocrx_word' id='word_1_118' title='bbox 181 1250 254 1303; x_wconf 83' lang='grc' dir='ltr'>ιιιιιιι</span> <span class='ocrx_word' id='word_1_119' title='bbox 270 1244 458 1312; x_wconf 87' lang='lat' dir='ltr'><strong>incomposito,</strong></span> <span class='ocrx_word' id='word_1_120' title='bbox 474 1240 599 1294; x_wconf 86' lang='lat' dir='ltr'><strong>omnibus</strong></span> <span class='ocrx_word' id='word_1_121' title='bbox 621 1241 661 1293; x_wconf 87' lang='lat' dir='ltr'><strong>iris</strong></span> <span class='ocrx_word' id='word_1_122' title='bbox 676 1240 768 1294; x_wconf 86' lang='lat' dir='ltr'><strong>sclrola</strong></span> <span class='ocrx_word' id='word_1_123' title='bbox 786 1243 962 1309; x_wconf 72' lang='lat' dir='ltr'><strong>postponitur.</strong></span> 
     </span>
     <span class='ocr_line' id='line_1_15' title="bbox 181 1312 962 1384; baseline -0.008 -13"><span class='ocrx_word' id='word_1_124' title='bbox 181 1319 302 1384; x_wconf 78' lang='lat' dir='ltr'><strong>erodam</strong></span> <span class='ocrx_word' id='word_1_125' title='bbox 315 1328 379 1369; x_wconf 85' lang='lat' dir='ltr'><strong>vero</strong></span> <span class='ocrx_word' id='word_1_126' title='bbox 400 1321 520 1378; x_wconf 83' lang='lat' dir='ltr'><strong>temporo</strong></span> <span class='ocrx_word' id='word_1_127' title='bbox 539 1324 599 1364; x_wconf 92' lang='lat' dir='ltr'><strong>cum</strong></span> <span class='ocrx_word' id='word_1_128' title='bbox 615 1325 693 1365; x_wconf 86' lang='lat' dir='ltr'><strong>carisa</strong></span> <span class='ocrx_word' id='word_1_129' title='bbox 711 1312 832 1364; x_wconf 89' lang='lat' dir='ltr'><strong>sanitatis</strong></span> <span class='ocrx_word' id='word_1_130' title='bbox 851 1326 962 1381; x_wconf 87' lang='lat' dir='ltr'><strong>recupe-</strong></span> 
     </span>
     <span class='ocr_line' id='line_1_16' title="bbox 180 1380 962 1450; baseline -0.009 -8"><span class='ocrx_word' id='word_1_131' title='bbox 180 1388 280 1450; x_wconf 79' lang='lat' dir='ltr'><strong>randae,</strong></span> <span class='ocrx_word' id='word_1_132' title='bbox 295 1396 323 1440; x_wconf 90' lang='lat' dir='ltr'><strong>et</strong></span> <span class='ocrx_word' id='word_1_133' title='bbox 334 1384 369 1438; x_wconf 93' lang='lat' dir='ltr'><strong>ob</strong></span> <span class='ocrx_word' id='word_1_134' title='bbox 383 1381 453 1436; x_wconf 86' lang='lat' dir='ltr'><strong>aeris</strong></span> <span class='ocrx_word' id='word_1_135' title='bbox 475 1380 672 1448; x_wconf 78' lang='lat' dir='ltr'><strong>intemperiem,</strong></span> <span class='ocrx_word' id='word_1_136' title='bbox 688 1380 809 1447; x_wconf 82' lang='lat' dir='ltr'><strong>ritusque</strong></span> <span class='ocrx_word' id='word_1_137' title='bbox 827 1380 962 1437; x_wconf 88' lang='lat' dir='ltr'><strong>Gallorum</strong></span> 
     </span>
     <span class='ocr_line' id='line_1_17' title="bbox 181 1448 961 1519; baseline -0.006 -8"><span class='ocrx_word' id='word_1_138' title='bbox 181 1456 282 1512; x_wconf 75' lang='lat' dir='ltr'><strong>facetos</strong></span> <span class='ocrx_word' id='word_1_139' title='bbox 293 1464 527 1519; x_wconf 76' lang='lat' dir='ltr'><strong>matronarumque</strong></span> <span class='ocrx_word' id='word_1_140' title='bbox 542 1451 599 1519; x_wconf 86' lang='lat' dir='ltr'><strong>pios</strong></span> <span class='ocrx_word' id='word_1_141' title='bbox 611 1448 714 1514; x_wconf 79' lang='lat' dir='ltr'><strong>auarus,</strong></span> <span class='ocrx_word' id='word_1_142' title='bbox 739 1463 789 1504; x_wconf 87' lang='lat' dir='ltr'><strong>uos</strong></span> <span class='ocrx_word' id='word_1_143' title='bbox 802 1451 835 1505; x_wconf 92' lang='lat' dir='ltr'><strong>ad</strong></span> <span class='ocrx_word' id='word_1_144' title='bbox 850 1451 961 1506; x_wconf 87' lang='lat' dir='ltr'><strong>Galliam</strong></span> 
     </span>
     <span class='ocr_line' id='line_1_18' title="bbox 180 1518 962 1588; baseline -0.012 -6"><span class='ocrx_word' id='word_1_145' title='bbox 180 1526 422 1588; x_wconf 77' lang='lat' dir='ltr'><strong>transtulissemus,</strong></span> <span class='ocrx_word' id='word_1_146' title='bbox 441 1521 537 1574; x_wconf 85' lang='lat' dir='ltr'><strong>multos</strong></span> <span class='ocrx_word' id='word_1_147' title='bbox 564 1518 707 1581; x_wconf 66' lang='lat' dir='ltr'><strong>d‘suolos,</strong></span> <span class='ocrx_word' id='word_1_148' title='bbox 724 1530 751 1572; x_wconf 91' lang='grc' dir='ltr'><strong>ιιι</strong></span> <span class='ocrx_word' id='word_1_149' title='bbox 775 1521 962 1586; x_wconf 90' lang='lat' dir='ltr'><strong>meminimus,</strong></span> 
     </span>
     <span class='ocr_line' id='line_1_19' title="bbox 178 1588 962 1663; baseline -0.004 -16"><span class='ocrx_word' id='word_1_150' title='bbox 178 1596 237 1651; x_wconf 81' lang='lat' dir='ltr'><strong>risu</strong></span> <span class='ocrx_word' id='word_1_151' title='bbox 250 1593 416 1663; x_wconf 89' lang='lat' dir='ltr'><strong>percepimus</strong></span> <span class='ocrx_word' id='word_1_152' title='bbox 424 1591 450 1644; x_wconf 93' lang='lat' dir='ltr'><strong>in</strong></span> <span class='ocrx_word' id='word_1_153' title='bbox 464 1589 572 1643; x_wconf 80' lang='lat' dir='ltr'><strong>ciuitate</strong></span> <span class='ocrx_word' id='word_1_154' title='bbox 599 1588 643 1641; x_wconf 85' lang='lat' dir='ltr'><strong>adii</strong></span> <span class='ocrx_word' id='word_1_155' title='bbox 657 1588 772 1642; x_wconf 80' lang='lat' dir='ltr'><strong>Caesaris</strong></span> <span class='ocrx_word' id='word_1_156' title='bbox 786 1604 844 1657; x_wconf 75' lang='lat' dir='ltr'><strong>qnae</strong></span> <span class='ocrx_word' id='word_1_157' title='bbox 860 1589 962 1656; x_wconf 72' lang='lat' dir='ltr'><strong>bisantia</strong></span> 
     </span>
     <span class='ocr_line' id='line_1_20' title="bbox 179 1658 962 1721; baseline -0.008 0"><span class='ocrx_word' id='word_1_158' title='bbox 179 1666 341 1721; x_wconf 79' lang='lat' dir='ltr'><strong>Parisiorum</strong></span> <span class='ocrx_word' id='word_1_159' title='bbox 355 1661 503 1716; x_wconf 77' lang='lat' dir='ltr'><strong>dicebatur.</strong></span> <span class='ocrx_word' id='word_1_160' title='bbox 518 1658 611 1713; x_wconf 82' lang='lat' dir='ltr'><strong>licitos</strong></span> <span class='ocrx_word' id='word_1_161' title='bbox 622 1667 711 1712; x_wconf 91' lang='lat' dir='ltr'><strong>autem</strong></span> <span class='ocrx_word' id='word_1_162' title='bbox 723 1668 795 1713; x_wconf 89' lang='lat' dir='ltr'><strong>artes</strong></span> <span class='ocrx_word' id='word_1_163' title='bbox 809 1661 962 1715; x_wconf 85' lang='lat' dir='ltr'><strong>rireodicare</strong></span> 
     </span>
     <span class='ocr_line' id='line_1_21' title="bbox 179 1727 960 1804; baseline -0.006 -16"><span class='ocrx_word' id='word_1_164' title='bbox 179 1734 375 1804; x_wconf 77' lang='lat' dir='ltr'><strong>prospeximus,</strong></span> <span class='ocrx_word' id='word_1_165' title='bbox 394 1729 473 1783; x_wconf 89' lang='lat' dir='ltr'><strong>nuliis</strong></span> <span class='ocrx_word' id='word_1_166' title='bbox 486 1730 526 1781; x_wconf 91' lang='lat' dir='ltr'><strong>eis</strong></span> <span class='ocrx_word' id='word_1_167' title='bbox 540 1728 634 1794; x_wconf 87' lang='lat' dir='ltr'><strong>poetria</strong></span> <span class='ocrx_word' id='word_1_168' title='bbox 653 1727 825 1795; x_wconf 77' lang='lat' dir='ltr'><strong>pitilosopbire</strong></span> <span class='ocrx_word' id='word_1_169' title='bbox 846 1730 960 1784; x_wconf 89' lang='lat' dir='ltr'><strong>adrniui-</strong></span> 
     </span>
     <span class='ocr_line' id='line_1_22' title="bbox 178 1797 959 1867; baseline -0.008 -7"><span class='ocrx_word' id='word_1_170' title='bbox 178 1805 334 1866; x_wconf 82' lang='lat' dir='ltr'><strong>strantibus,</strong></span> <span class='ocrx_word' id='word_1_171' title='bbox 356 1800 491 1867; x_wconf 77' lang='lat' dir='ltr'><strong>danosque</strong></span> <span class='ocrx_word' id='word_1_172' title='bbox 506 1799 627 1851; x_wconf 88' lang='lat' dir='ltr'><strong>ilritones</strong></span> <span class='ocrx_word' id='word_1_173' title='bbox 642 1797 722 1867; x_wconf 86' lang='lat' dir='ltr'><strong>studii</strong></span> <span class='ocrx_word' id='word_1_174' title='bbox 746 1799 831 1866; x_wconf 91' lang='lat' dir='ltr'><strong>pretio</strong></span> <span class='ocrx_word' id='word_1_175' title='bbox 850 1799 959 1854; x_wconf 87' lang='lat' dir='ltr'><strong>llomam</strong></span> 
     </span>
     <span class='ocr_line' id='line_1_23' title="bbox 177 1867 960 1940; baseline -0.006 -10"><span class='ocrx_word' id='word_1_176' title='bbox 177 1881 359 1930; x_wconf 81' lang='lat' dir='ltr'><strong>commeantes</strong></span> <span class='ocrx_word' id='word_1_177' title='bbox 369 1871 484 1940; x_wconf 75' lang='lat' dir='ltr'><strong>grauiter</strong></span> <span class='ocrx_word' id='word_1_178' title='bbox 499 1867 671 1933; x_wconf 81' lang='lat' dir='ltr'><strong>indoluimus,</strong></span> <span class='ocrx_word' id='word_1_179' title='bbox 681 1867 742 1935; x_wconf 91' lang='lat' dir='ltr'><strong>quia</strong></span> <span class='ocrx_word' id='word_1_180' title='bbox 757 1868 960 1924; x_wconf 83' lang='lat' dir='ltr'><strong>lltlrenieusinm</strong></span> 
     </span>
    </p>
   </div>
   <div class='ocr_carea' id='block_1_4' title="bbox 1013 615 1815 1942">
    <p class='ocr_par' dir='ltr' id='par_1_4' title="bbox 1013 615 1815 1942">
     <span class='ocr_line' id='line_1_24' title="bbox 1019 615 1815 688; baseline 0.009 -20"><span class='ocrx_word' id='word_1_181' title='bbox 1019 615 1264 668; x_wconf 78' lang='lat' dir='ltr'><strong>Ciirnessatiunibua</strong></span> <span class='ocrx_word' id='word_1_182' title='bbox 1295 626 1323 667; x_wconf 85' lang='lat' dir='ltr'><strong>et</strong></span> <span class='ocrx_word' id='word_1_183' title='bbox 1353 616 1528 669; x_wconf 85' lang='lat' dir='ltr'><strong>ebrietatibus</strong></span> <span class='ocrx_word' id='word_1_184' title='bbox 1554 620 1675 679; x_wconf 85' lang='lat' dir='ltr'><strong>secunda</strong></span> <span class='ocrx_word' id='word_1_185' title='bbox 1704 625 1815 688; x_wconf 76' lang='lat' dir='ltr'><strong>species</strong></span> 
     </span>
     <span class='ocr_line' id='line_1_25' title="bbox 1024 684 1812 752; baseline 0.009 -16"><span class='ocrx_word' id='word_1_186' title='bbox 1024 684 1138 736; x_wconf 73' lang='lat' dir='ltr'><strong>latioris·</strong></span> <span class='ocrx_word' id='word_1_187' title='bbox 1149 685 1254 740; x_wconf 78' lang='lat' dir='ltr'><strong>dotata.</strong></span> <span class='ocrx_word' id='word_1_188' title='bbox 1275 686 1445 752; x_wconf 80' lang='lat' dir='ltr'><strong>permutatim</strong></span> <span class='ocrx_word' id='word_1_189' title='bbox 1462 696 1587 752; x_wconf 86' lang='lat' dir='ltr'><strong>tanquam</strong></span> <span class='ocrx_word' id='word_1_190' title='bbox 1602 685 1651 741; x_wconf 86' lang='lat' dir='ltr'><strong>cart</strong></span> <span class='ocrx_word' id='word_1_191' title='bbox 1667 703 1682 742; x_wconf 88' lang='lat' dir='ltr'><strong>a</strong></span> <span class='ocrx_word' id='word_1_192' title='bbox 1696 696 1728 741; x_wconf 87' lang='lat' dir='ltr'><strong>ad</strong></span> <span class='ocrx_word' id='word_1_193' title='bbox 1745 704 1812 744; x_wconf 83' lang='lat' dir='ltr'><strong>carr-</strong></span> 
     </span>
     <span class='ocr_line' id='line_1_26' title="bbox 1017 753 1812 826; baseline 0.011 -20"><span class='ocrx_word' id='word_1_194' title='bbox 1017 762 1103 806; x_wconf 90' lang='lat' dir='ltr'><strong>satnm</strong></span> <span class='ocrx_word' id='word_1_195' title='bbox 1115 768 1174 805; x_wconf 89' lang='lat' dir='ltr'><strong>onm</strong></span> <span class='ocrx_word' id='word_1_196' title='bbox 1189 754 1313 816; x_wconf 74' lang='lat' dir='ltr'><strong>iiraealeta</strong></span> <span class='ocrx_word' id='word_1_197' title='bbox 1325 755 1422 822; x_wconf 81' lang='lat' dir='ltr'><strong>pandet</strong></span> <span class='ocrx_word' id='word_1_198' title='bbox 1434 755 1570 809; x_wconf 87' lang='lat' dir='ltr'><strong>sustiueri.</strong></span> <span class='ocrx_word' id='word_1_199' title='bbox 1585 753 1698 826; x_wconf 78' lang='lat' dir='ltr'><strong>Propler</strong></span> <span class='ocrx_word' id='word_1_200' title='bbox 1709 763 1812 815; x_wconf 86' lang='lat' dir='ltr'><strong>coitttm</strong></span> 
     </span>
     <span class='ocr_line' id='line_1_27' title="bbox 1017 824 1810 886; baseline 0.009 -11"><span class='ocrx_word' id='word_1_201' title='bbox 1017 825 1087 875; x_wconf 85' lang='lat' dir='ltr'><strong>enirn</strong></span> <span class='ocrx_word' id='word_1_202' title='bbox 1114 824 1141 874; x_wconf 90' lang='lat' dir='ltr'><strong>lit</strong></span> <span class='ocrx_word' id='word_1_203' title='bbox 1156 827 1272 876; x_wconf 82' lang='lat' dir='ltr'><strong>etrietas</strong></span> <span class='ocrx_word' id='word_1_204' title='bbox 1299 824 1422 886; x_wconf 80' lang='lat' dir='ltr'><strong>relative,</strong></span> <span class='ocrx_word' id='word_1_205' title='bbox 1433 839 1537 879; x_wconf 82' lang='lat' dir='ltr'><strong>areerion</strong></span> <span class='ocrx_word' id='word_1_206' title='bbox 1552 835 1580 880; x_wconf 93' lang='lat' dir='ltr'><strong>et</strong></span> <span class='ocrx_word' id='word_1_207' title='bbox 1594 838 1757 882; x_wconf 74' lang='lat' dir='ltr'><strong>ceterorum</strong></span> <span class='ocrx_word' id='word_1_208' title='bbox 1772 836 1810 883; x_wconf 83' lang='lat' dir='ltr'><strong>ai·</strong></span> 
     </span>
     <span class='ocr_line' id='line_1_28' title="bbox 1018 891 1810 963; baseline 0.015 -21"><span class='ocrx_word' id='word_1_209' title='bbox 1018 892 1114 944; x_wconf 90' lang='lat' dir='ltr'><strong>tionnn</strong></span> <span class='ocrx_word' id='word_1_210' title='bbox 1129 907 1237 959; x_wconf 72' lang='lat' dir='ltr'><strong>genera.</strong></span> <span class='ocrx_word' id='word_1_211' title='bbox 1251 891 1345 947; x_wconf 78' lang='lat' dir='ltr'><strong>linum</strong></span> <span class='ocrx_word' id='word_1_212' title='bbox 1357 905 1447 948; x_wconf 87' lang='lat' dir='ltr'><strong>autern</strong></span> <span class='ocrx_word' id='word_1_213' title='bbox 1459 896 1564 949; x_wconf 80' lang='lat' dir='ltr'><strong>modice</strong></span> <span class='ocrx_word' id='word_1_214' title='bbox 1574 910 1714 963; x_wconf 57' lang='lat' dir='ltr'><strong>⁴sumptum</strong></span> <span class='ocrx_word' id='word_1_215' title='bbox 1729 901 1810 954; x_wconf 85' lang='lat' dir='ltr'><strong>intel-</strong></span> 
     </span>
     <span class='ocr_line' id='line_1_29' title="bbox 1018 962 1810 1030; baseline 0.011 -18"><span class='ocrx_word' id='word_1_216' title='bbox 1018 962 1098 1014; x_wconf 87' lang='lat' dir='ltr'><strong>leetni</strong></span> <span class='ocrx_word' id='word_1_217' title='bbox 1114 963 1219 1015; x_wconf 82' lang='lat' dir='ltr'><strong>aliletur·</strong></span> <span class='ocrx_word' id='word_1_218' title='bbox 1234 963 1358 1017; x_wconf 86' lang='lat' dir='ltr'><strong>coolerre</strong></span> <span class='ocrx_word' id='word_1_219' title='bbox 1373 979 1485 1018; x_wconf 78' lang='lat' dir='ltr'><strong>acumen</strong></span> <span class='ocrx_word' id='word_1_220' title='bbox 1499 980 1574 1030; x_wconf 76' lang='lat' dir='ltr'><strong>,urm</strong></span> <span class='ocrx_word' id='word_1_221' title='bbox 1589 978 1678 1021; x_wconf 79' lang='lat' dir='ltr'><strong>antem</strong></span> <span class='ocrx_word' id='word_1_222' title='bbox 1700 973 1810 1026; x_wconf 69' lang='lat' dir='ltr'><strong>curardiae</strong></span> 
     </span>
     <span class='ocr_line' id='line_1_30' title="bbox 1016 1035 1806 1105; baseline 0.009 -22"><span class='ocrx_word' id='word_1_223' title='bbox 1016 1042 1150 1101; x_wconf 85' lang='lat' dir='ltr'><strong>sarraaptum</strong></span> <span class='ocrx_word' id='word_1_224' title='bbox 1166 1041 1295 1085; x_wconf 77' lang='lat' dir='ltr'><strong>rationem</strong></span> <span class='ocrx_word' id='word_1_225' title='bbox 1315 1035 1466 1103; x_wconf 82' lang='lat' dir='ltr'><strong>pertiubat,</strong></span> <span class='ocrx_word' id='word_1_226' title='bbox 1493 1036 1660 1089; x_wconf 65' lang='lat' dir='ltr'><strong>intell-ectum</strong></span> <span class='ocrx_word' id='word_1_227' title='bbox 1677 1040 1806 1105; x_wconf 78' lang='lat' dir='ltr'><strong>hebetat,</strong></span> 
     </span>
     <span class='ocr_line' id='line_1_31' title="bbox 1016 1103 1807 1170; baseline 0.018 -18"><span class='ocrx_word' id='word_1_228' title='bbox 1016 1103 1172 1154; x_wconf 76' lang='lat' dir='ltr'><strong>nienrirriam</strong></span> <span class='ocrx_word' id='word_1_229' title='bbox 1188 1114 1317 1164; x_wconf 76' lang='lat' dir='ltr'><strong>euertat,</strong></span> <span class='ocrx_word' id='word_1_230' title='bbox 1334 1104 1499 1158; x_wconf 80' lang='lat' dir='ltr'><strong>oblivionem</strong></span> <span class='ocrx_word' id='word_1_231' title='bbox 1524 1104 1659 1170; x_wconf 91' lang='lat' dir='ltr'><strong>immitlit,</strong></span> <span class='ocrx_word' id='word_1_232' title='bbox 1683 1123 1807 1166; x_wconf 82' lang='lat' dir='ltr'><strong>errorem</strong></span> 
     </span>
     <span class='ocr_line' id='line_1_32' title="bbox 1015 1169 1804 1247; baseline 0.015 -25"><span class='ocrx_word' id='word_1_233' title='bbox 1015 1169 1141 1234; x_wconf 90' lang='lat' dir='ltr'><strong>iuiundil,</strong></span> <span class='ocrx_word' id='word_1_234' title='bbox 1153 1171 1185 1224; x_wconf 90' lang='lat' dir='ltr'><strong>ad</strong></span> <span class='ocrx_word' id='word_1_235' title='bbox 1200 1173 1377 1241; x_wconf 78' lang='lat' dir='ltr'><strong>iqrrrirantiam</strong></span> <span class='ocrx_word' id='word_1_236' title='bbox 1392 1175 1522 1244; x_wconf 87' lang='lat' dir='ltr'><strong>perducit.</strong></span> <span class='ocrx_word' id='word_1_237' title='bbox 1533 1175 1583 1231; x_wconf 87' lang='lat' dir='ltr'><strong>tlbt</strong></span> <span class='ocrx_word' id='word_1_238' title='bbox 1596 1173 1804 1247; x_wconf 81' lang='lat' dir='ltr'><strong>ettimebrietas,</strong></span> 
     </span>
     <span class='ocr_line' id='line_1_33' title="bbox 1015 1240 1805 1309; baseline 0.016 -18"><span class='ocrx_word' id='word_1_239' title='bbox 1015 1240 1051 1294; x_wconf 92' lang='lat' dir='ltr'><strong>ibi</strong></span> <span class='ocrx_word' id='word_1_240' title='bbox 1067 1242 1141 1294; x_wconf 92' lang='lat' dir='ltr'><strong>luror</strong></span> <span class='ocrx_word' id='word_1_241' title='bbox 1154 1242 1320 1305; x_wconf 62' lang='lat' dir='ltr'><strong>dominarum</strong></span> <span class='ocrx_word' id='word_1_242' title='bbox 1337 1243 1380 1296; x_wconf 92' lang='lat' dir='ltr'><strong>ubi</strong></span> <span class='ocrx_word' id='word_1_243' title='bbox 1406 1242 1480 1298; x_wconf 83' lang='lat' dir='ltr'><strong>soror</strong></span> <span class='ocrx_word' id='word_1_244' title='bbox 1494 1246 1663 1309; x_wconf 83' lang='lat' dir='ltr'><strong>demittatur,</strong></span> <span class='ocrx_word' id='word_1_245' title='bbox 1682 1248 1717 1301; x_wconf 90' lang='lat' dir='ltr'><strong>ibi</strong></span> <span class='ocrx_word' id='word_1_246' title='bbox 1732 1253 1805 1305; x_wconf 86' lang='lat' dir='ltr'><strong>tiarila</strong></span> 
     </span>
     <span class='ocr_line' id='line_1_34' title="bbox 1014 1310 1803 1384; baseline 0.015 -23"><span class='ocrx_word' id='word_1_247' title='bbox 1014 1310 1164 1378; x_wconf 72' lang='lat' dir='ltr'><strong>sapientia,</strong></span> <span class='ocrx_word' id='word_1_248' title='bbox 1180 1313 1226 1365; x_wconf 90' lang='lat' dir='ltr'><strong>sed</strong></span> <span class='ocrx_word' id='word_1_249' title='bbox 1247 1314 1398 1382; x_wconf 87' lang='lat' dir='ltr'><strong>insipientia</strong></span> <span class='ocrx_word' id='word_1_250' title='bbox 1420 1324 1587 1384; x_wconf 73' lang='lat' dir='ltr'><strong>pervagatur.</strong></span> <span class='ocrx_word' id='word_1_251' title='bbox 1610 1317 1693 1384; x_wconf 74' lang='lat' dir='ltr'><strong>linior</strong></span> <span class='ocrx_word' id='word_1_252' title='bbox 1707 1330 1803 1376; x_wconf 50' lang='lat' dir='ltr'><strong>¹atatem</strong></span> 
     </span>
     <span class='ocr_line' id='line_1_35' title="bbox 1016 1382 1805 1451; baseline 0.014 -20"><span class='ocrx_word' id='word_1_253' title='bbox 1016 1382 1805 1451; x_wconf 70' lang='lat' dir='ltr'><strong>radoniscirrati-lianapatentexemplam-virtutumdetri-</strong></span> 
     </span>
     <span class='ocr_line' id='line_1_36' title="bbox 1014 1452 1802 1523; baseline 0.014 -23"><span class='ocrx_word' id='word_1_254' title='bbox 1014 1457 1114 1503; x_wconf 79' lang='lat' dir='ltr'><strong>menta.</strong></span> <span class='ocrx_word' id='word_1_255' title='bbox 1134 1459 1197 1514; x_wconf 75' lang='lat' dir='ltr'><strong>quare</strong></span> <span class='ocrx_word' id='word_1_256' title='bbox 1212 1454 1291 1505; x_wconf 76' lang='lat' dir='ltr'><strong>etiaim</strong></span> <span class='ocrx_word' id='word_1_257' title='bbox 1309 1452 1391 1519; x_wconf 83' lang='lat' dir='ltr'><strong>pestis</strong></span> <span class='ocrx_word' id='word_1_258' title='bbox 1415 1466 1540 1508; x_wconf 86' lang='lat' dir='ltr'><strong>corrsorte</strong></span> <span class='ocrx_word' id='word_1_259' title='bbox 1564 1457 1659 1508; x_wconf 81' lang='lat' dir='ltr'><strong>uirirrsn</strong></span> <span class='ocrx_word' id='word_1_260' title='bbox 1671 1459 1802 1523; x_wconf 79' lang='lat' dir='ltr'><strong>iletcrior,</strong></span> 
     </span>
     <span class='ocr_line' id='line_1_37' title="bbox 1014 1520 1803 1593; baseline 0.019 -27"><span class='ocrx_word' id='word_1_261' title='bbox 1014 1521 1073 1583; x_wconf 68' lang='lat' dir='ltr'><strong>aporia</strong></span> <span class='ocrx_word' id='word_1_262' title='bbox 1097 1521 1117 1572; x_wconf 77' lang='lat' dir='ltr'><strong>si</strong></span> <span class='ocrx_word' id='word_1_263' title='bbox 1133 1520 1241 1575; x_wconf 78' lang='lat' dir='ltr'><strong>studere</strong></span> <span class='ocrx_word' id='word_1_264' title='bbox 1257 1533 1505 1589; x_wconf 60' lang='lat' dir='ltr'><strong>aequorum-toros</strong></span> <span class='ocrx_word' id='word_1_265' title='bbox 1527 1527 1675 1593; x_wconf 74' lang='lat' dir='ltr'><strong>gyrrtrrasiis</strong></span> <span class='ocrx_word' id='word_1_266' title='bbox 1698 1527 1803 1581; x_wconf 76' lang='lat' dir='ltr'><strong>iniciare</strong></span> 
     </span>
     <span class='ocr_line' id='line_1_38' title="bbox 1014 1591 1802 1666; baseline 0.023 -30"><span class='ocrx_word' id='word_1_267' title='bbox 1014 1591 1134 1643; x_wconf 74' lang='lat' dir='ltr'><strong>vttidlllsss</strong></span> <span class='ocrx_word' id='word_1_268' title='bbox 1146 1593 1274 1656; x_wconf 82' lang='lat' dir='ltr'><strong>corrodit,</strong></span> <span class='ocrx_word' id='word_1_269' title='bbox 1287 1608 1407 1645; x_wconf 70' lang='lat' dir='ltr'><strong>eruorem</strong></span> <span class='ocrx_word' id='word_1_270' title='bbox 1423 1596 1481 1647; x_wconf 86' lang='lat' dir='ltr'><strong>lius</strong></span> <span class='ocrx_word' id='word_1_271' title='bbox 1498 1596 1633 1658; x_wconf 83' lang='lat' dir='ltr'><strong>eorrluret,</strong></span> <span class='ocrx_word' id='word_1_272' title='bbox 1651 1600 1689 1650; x_wconf 80' lang='lat' dir='ltr'><strong>iel</strong></span> <span class='ocrx_word' id='word_1_273' title='bbox 1706 1602 1802 1666; x_wconf 63' lang='lat' dir='ltr'><strong>&#39;aragois</strong></span> 
     </span>
     <span class='ocr_line' id='line_1_39' title="bbox 1013 1661 1802 1730; baseline 0.015 -21"><span class='ocrx_word' id='word_1_274' title='bbox 1013 1675 1090 1726; x_wconf 80' lang='lat' dir='ltr'><strong>rqiau</strong></span> <span class='ocrx_word' id='word_1_275' title='bbox 1109 1670 1176 1712; x_wconf 82' lang='lat' dir='ltr'><strong>rarat.</strong></span> <span class='ocrx_word' id='word_1_276' title='bbox 1191 1663 1212 1712; x_wconf 86' lang='lat'>0</span> <span class='ocrx_word' id='word_1_277' title='bbox 1227 1661 1314 1730; x_wconf 84' lang='lat' dir='ltr'><strong>qualis</strong></span> <span class='ocrx_word' id='word_1_278' title='bbox 1333 1664 1478 1728; x_wconf 80' lang='lat' dir='ltr'><strong>perittixtiu</strong></span> <span class='ocrx_word' id='word_1_279' title='bbox 1496 1666 1668 1718; x_wconf 79' lang='lat' dir='ltr'><strong>studentibus</strong></span> <span class='ocrx_word' id='word_1_280' title='bbox 1684 1676 1725 1719; x_wconf 84' lang='lat' dir='ltr'><strong>el</strong></span> <span class='ocrx_word' id='word_1_281' title='bbox 1740 1685 1802 1721; x_wconf 89' lang='lat' dir='ltr'><strong>cnm</strong></span> 
     </span>
     <span class='ocr_line' id='line_1_40' title="bbox 1013 1730 1802 1802; baseline 0.015 -22"><span class='ocrx_word' id='word_1_282' title='bbox 1013 1730 1161 1784; x_wconf 58' lang='lat' dir='ltr'><strong>dissolutol</strong></span> <span class='ocrx_word' id='word_1_283' title='bbox 1179 1730 1274 1798; x_wconf 77' lang='lat' dir='ltr'><strong>Eiiciat</strong></span> <span class='ocrx_word' id='word_1_284' title='bbox 1288 1747 1351 1800; x_wconf 78' lang='lat' dir='ltr'><strong>ergo</strong></span> <span class='ocrx_word' id='word_1_285' title='bbox 1365 1735 1398 1784; x_wconf 90' lang='lat' dir='ltr'><strong>ab</strong></span> <span class='ocrx_word' id='word_1_286' title='bbox 1422 1733 1573 1802; x_wconf 81' lang='lat' dir='ltr'><strong>integritate</strong></span> <span class='ocrx_word' id='word_1_287' title='bbox 1588 1737 1716 1789; x_wconf 88' lang='lat' dir='ltr'><strong>consortii</strong></span> <span class='ocrx_word' id='word_1_288' title='bbox 1735 1739 1802 1792; x_wconf 86' lang='lat' dir='ltr'><strong>tales</strong></span> 
     </span>
     <span class='ocr_line' id='line_1_41' title="bbox 1015 1798 1800 1872; baseline 0.014 -23"><span class='ocrx_word' id='word_1_289' title='bbox 1015 1798 1127 1865; x_wconf 86' lang='lat' dir='ltr'><strong>prudent</strong></span> <span class='ocrx_word' id='word_1_290' title='bbox 1139 1814 1182 1852; x_wconf 89' lang='grc' dir='ltr'>ιιιιι</span> <span class='ocrx_word' id='word_1_291' title='bbox 1194 1799 1320 1854; x_wconf 85' lang='lat' dir='ltr'><strong>discretio</strong></span> <span class='ocrx_word' id='word_1_292' title='bbox 1332 1801 1425 1855; x_wconf 92' lang='lat' dir='ltr'><strong>ordine</strong></span> <span class='ocrx_word' id='word_1_293' title='bbox 1437 1804 1623 1872; x_wconf 79' lang='lat' dir='ltr'><strong>irregressibili</strong></span> <span class='ocrx_word' id='word_1_294' title='bbox 1635 1816 1662 1858; x_wconf 89' lang='lat' dir='ltr'><strong>el</strong></span> <span class='ocrx_word' id='word_1_295' title='bbox 1674 1806 1724 1860; x_wconf 88' lang='lat' dir='ltr'><strong>buc</strong></span> <span class='ocrx_word' id='word_1_296' title='bbox 1733 1818 1800 1861; x_wconf 78' lang='lat' dir='ltr'><strong>trun·</strong></span> 
     </span>
     <span class='ocr_line' id='line_1_42' title="bbox 1014 1868 1801 1942; baseline 0.013 -22"><span class='ocrx_word' id='word_1_297' title='bbox 1014 1882 1078 1936; x_wconf 84' lang='lat' dir='ltr'><strong>pore</strong></span> <span class='ocrx_word' id='word_1_298' title='bbox 1093 1868 1280 1924; x_wconf 89' lang='lat' dir='ltr'><strong>determinato.</strong></span> <span class='ocrx_word' id='word_1_299' title='bbox 1294 1872 1449 1925; x_wconf 79' lang='lat' dir='ltr'><strong>iiaaeauteni</strong></span> <span class='ocrx_word' id='word_1_300' title='bbox 1463 1876 1579 1926; x_wconf 80' lang='lat' dir='ltr'><strong>secunda</strong></span> <span class='ocrx_word' id='word_1_301' title='bbox 1593 1888 1627 1942; x_wconf 91' lang='lat' dir='ltr'><strong>sp</strong></span> <span class='ocrx_word' id='word_1_302' title='bbox 1635 1878 1697 1928; x_wconf 76' lang='lat' dir='ltr'><strong>cies</strong></span> <span class='ocrx_word' id='word_1_303' title='bbox 1707 1893 1801 1941; x_wconf 72' lang='lat' dir='ltr'><strong>proruo</strong></span> 
     </span>
    </p>
   </div>
   <div class='ocr_carea' id='block_1_5' title="bbox 150 1936 1844 3203">
    <p class='ocr_par' dir='ltr' id='par_1_5' title="bbox 150 1936 1844 3203">
     <span class='ocr_line' id='line_1_43' title="bbox 177 1936 1800 2012; baseline 0 -13"><span class='ocrx_word' id='word_1_304' title='bbox 177 1936 884 2007; x_wconf 70' lang='lat' dir='ltr'><strong>seiiirlttntlsintntnapascebantur·tonoernomem</strong></span> <span class='ocrx_word' id='word_1_305' title='bbox 899 1940 960 1995; x_wconf 86' lang='lat' dir='ltr'><strong>Gai·</strong></span> <span class='ocrx_word' id='word_1_306' title='bbox 1012 1938 1170 2005; x_wconf 87' lang='lat' dir='ltr'><strong>quandoque</strong></span> <span class='ocrx_word' id='word_1_307' title='bbox 1198 1941 1378 2008; x_wconf 82' lang='lat' dir='ltr'><strong>praeaanbnla,</strong></span> <span class='ocrx_word' id='word_1_308' title='bbox 1408 1944 1563 2010; x_wconf 87' lang='lat' dir='ltr'><strong>posterioris</strong></span> <span class='ocrx_word' id='word_1_309' title='bbox 1583 1953 1674 1998; x_wconf 73' lang='lat' dir='ltr'><strong>arimin</strong></span> <span class='ocrx_word' id='word_1_310' title='bbox 1694 1951 1800 2012; x_wconf 70' lang='lat' dir='ltr'><strong>perisse·</strong></span> 
     </span>
     <span class='ocr_line' id='line_1_44' title="bbox 176 2006 1799 2082; baseline 0.001 -13"><span class='ocrx_word' id='word_1_311' title='bbox 176 2014 227 2070; x_wconf 86' lang='lat' dir='ltr'><strong>lica</strong></span> <span class='ocrx_word' id='word_1_312' title='bbox 238 2013 328 2082; x_wconf 77' lang='lat' dir='ltr'><strong>lingua</strong></span> <span class='ocrx_word' id='word_1_313' title='bbox 338 2008 454 2064; x_wconf 67' lang='lat' dir='ltr'><strong>Graecari</strong></span> <span class='ocrx_word' id='word_1_314' title='bbox 468 2010 643 2076; x_wconf 82' lang='lat' dir='ltr'><strong>incoeperunt.</strong></span> <span class='ocrx_word' id='word_1_315' title='bbox 655 2006 712 2073; x_wconf 88' lang='lat' dir='ltr'><strong>Quo</strong></span> <span class='ocrx_word' id='word_1_316' title='bbox 724 2010 729 2059; x_wconf 96' lang='lat' dir='ltr'><strong>l</strong></span> <span class='ocrx_word' id='word_1_317' title='bbox 741 2008 762 2060; x_wconf 96' lang='lat' dir='ltr'><strong>.i</strong></span> <span class='ocrx_word' id='word_1_318' title='bbox 777 2008 875 2076; x_wconf 89' lang='lat' dir='ltr'><strong>aliquid</strong></span> <span class='ocrx_word' id='word_1_319' title='bbox 889 2011 959 2064; x_wconf 91' lang='lat' dir='ltr'><strong>aliul</strong></span> <span class='ocrx_word' id='word_1_320' title='bbox 1012 2010 1223 2076; x_wconf 84' lang='lat' dir='ltr'><strong>qoaappetisira.</strong></span> <span class='ocrx_word' id='word_1_321' title='bbox 1235 2012 1389 2078; x_wconf 82' lang='lat' dir='ltr'><strong>dqraaotrun</strong></span> <span class='ocrx_word' id='word_1_322' title='bbox 1402 2015 1502 2066; x_wconf 84' lang='lat' dir='ltr'><strong>erroris</strong></span> <span class='ocrx_word' id='word_1_323' title='bbox 1513 2014 1633 2067; x_wconf 84' lang='lat' dir='ltr'><strong>ininiittit</strong></span> <span class='ocrx_word' id='word_1_324' title='bbox 1644 2019 1762 2070; x_wconf 78' lang='lat' dir='ltr'><strong>ebrietas</strong></span> <span class='ocrx_word' id='word_1_325' title='bbox 1784 2036 1799 2070; x_wconf 88' lang='lat' dir='ltr'><strong>n</strong></span> 
     </span>
     <span class='ocr_line' id='line_1_45' title="bbox 177 2075 1799 2153; baseline 0.001 -15"><span class='ocrx_word' id='word_1_326' title='bbox 177 2097 257 2150; x_wconf 76' lang='lat' dir='ltr'><strong>squam</strong></span> <span class='ocrx_word' id='word_1_327' title='bbox 269 2092 389 2136; x_wconf 84' lang='lat' dir='ltr'><strong>tortuosa</strong></span> <span class='ocrx_word' id='word_1_328' title='bbox 399 2077 534 2134; x_wconf 86' lang='lat' dir='ltr'><strong>rolttmiua</strong></span> <span class='ocrx_word' id='word_1_329' title='bbox 548 2075 663 2133; x_wconf 83' lang='lat' dir='ltr'><strong>Lucretii</strong></span> <span class='ocrx_word' id='word_1_330' title='bbox 676 2079 700 2128; x_wconf 91' lang='lat' dir='ltr'><strong>in</strong></span> <span class='ocrx_word' id='word_1_331' title='bbox 716 2076 833 2144; x_wconf 91' lang='lat' dir='ltr'><strong>partibus</strong></span> <span class='ocrx_word' id='word_1_332' title='bbox 850 2083 905 2134; x_wconf 86' lang='lat' dir='ltr'><strong>suis</strong></span> <span class='ocrx_word' id='word_1_333' title='bbox 922 2082 960 2134; x_wconf 92' lang='lat' dir='ltr'><strong>io·</strong></span> <span class='ocrx_word' id='word_1_334' title='bbox 1013 2088 1130 2133; x_wconf 79' lang='lat' dir='ltr'><strong>orientem</strong></span> <span class='ocrx_word' id='word_1_335' title='bbox 1147 2079 1286 2147; x_wconf 81' lang='lat' dir='ltr'><strong>discipuli,</strong></span> <span class='ocrx_word' id='word_1_336' title='bbox 1303 2082 1352 2133; x_wconf 80' lang='lat' dir='ltr'><strong>nisi</strong></span> <span class='ocrx_word' id='word_1_337' title='bbox 1379 2081 1457 2134; x_wconf 82' lang='lat' dir='ltr'><strong>lreno·</strong></span> <span class='ocrx_word' id='word_1_338' title='bbox 1474 2083 1628 2137; x_wconf 76' lang='lat' dir='ltr'><strong>sobrietatis</strong></span> <span class='ocrx_word' id='word_1_339' title='bbox 1650 2087 1799 2153; x_wconf 75' lang='lat' dir='ltr'><strong>easrigetnr</strong></span> 
     </span>
     <span class='ocr_line' id='line_1_46' title="bbox 176 2147 1797 2223; baseline 0.001 -17"><span class='ocrx_word' id='word_1_340' title='bbox 176 2154 323 2213; x_wconf 84' lang='lat' dir='ltr'><strong>verrisseut,</strong></span> <span class='ocrx_word' id='word_1_341' title='bbox 335 2148 447 2205; x_wconf 88' lang='lat' dir='ltr'><strong>consilio</strong></span> <span class='ocrx_word' id='word_1_342' title='bbox 459 2156 550 2201; x_wconf 89' lang='lat' dir='ltr'><strong>nostro</strong></span> <span class='ocrx_word' id='word_1_343' title='bbox 571 2161 624 2200; x_wconf 84' lang='lat' dir='ltr'><strong>ison</strong></span> <span class='ocrx_word' id='word_1_344' title='bbox 637 2157 739 2210; x_wconf 88' lang='lat' dir='ltr'><strong>tantum</strong></span> <span class='ocrx_word' id='word_1_345' title='bbox 756 2149 846 2213; x_wconf 88' lang='lat' dir='ltr'><strong>operis</strong></span> <span class='ocrx_word' id='word_1_346' title='bbox 873 2151 959 2217; x_wconf 90' lang='lat' dir='ltr'><strong>perdi·</strong></span> <span class='ocrx_word' id='word_1_347' title='bbox 1011 2147 1043 2200; x_wconf 89' lang='lat' dir='ltr'><strong>ad</strong></span> <span class='ocrx_word' id='word_1_348' title='bbox 1058 2155 1110 2216; x_wconf 72' lang='lat' dir='ltr'><strong>arsag</strong></span> <span class='ocrx_word' id='word_1_349' title='bbox 1122 2151 1186 2203; x_wconf 80' lang='lat' dir='ltr'><strong>eiii!</strong></span> <span class='ocrx_word' id='word_1_350' title='bbox 1203 2151 1290 2202; x_wconf 84' lang='lat' dir='ltr'><strong>&#39;l&#39;ertia</strong></span> <span class='ocrx_word' id='word_1_351' title='bbox 1305 2151 1408 2215; x_wconf 84' lang='lat' dir='ltr'><strong>species</strong></span> <span class='ocrx_word' id='word_1_352' title='bbox 1422 2154 1533 2207; x_wconf 79' lang='lat' dir='ltr'><strong>turmine</strong></span> <span class='ocrx_word' id='word_1_353' title='bbox 1547 2160 1588 2207; x_wconf 85' lang='lat' dir='ltr'><strong>est</strong></span> <span class='ocrx_word' id='word_1_354' title='bbox 1601 2155 1797 2223; x_wconf 81' lang='lat' dir='ltr'><strong>cornopiscen·</strong></span> 
     </span>
     <span class='ocr_line' id='line_1_47' title="bbox 177 2216 1797 2293; baseline 0 -16"><span class='ocrx_word' id='word_1_355' title='bbox 177 2224 289 2278; x_wconf 88' lang='lat' dir='ltr'><strong>dissent.</strong></span> <span class='ocrx_word' id='word_1_356' title='bbox 305 2217 454 2276; x_wconf 88' lang='lat' dir='ltr'><strong>Germanici</strong></span> <span class='ocrx_word' id='word_1_357' title='bbox 466 2216 564 2271; x_wconf 88' lang='lat' dir='ltr'><strong>luroris</strong></span> <span class='ocrx_word' id='word_1_358' title='bbox 578 2229 674 2285; x_wconf 88' lang='lat' dir='ltr'><strong>paucos</strong></span> <span class='ocrx_word' id='word_1_359' title='bbox 688 2217 851 2283; x_wconf 77' lang='lat' dir='ltr'><strong>inspeximus</strong></span> <span class='ocrx_word' id='word_1_360' title='bbox 865 2220 958 2274; x_wconf 87' lang='lat' dir='ltr'><strong>iutim-</strong></span> <span class='ocrx_word' id='word_1_361' title='bbox 1014 2218 1049 2270; x_wconf 88' lang='lat' dir='ltr'><strong>tia</strong></span> <span class='ocrx_word' id='word_1_362' title='bbox 1063 2235 1120 2285; x_wconf 72' lang='lat' dir='ltr'><strong>qnae</strong></span> <span class='ocrx_word' id='word_1_363' title='bbox 1133 2222 1269 2274; x_wconf 70' lang='lat' dir='ltr'><strong>irrriaritms</strong></span> <span class='ocrx_word' id='word_1_364' title='bbox 1281 2221 1373 2278; x_wconf 72' lang='lat' dir='ltr'><strong>iniciat.</strong></span> <span class='ocrx_word' id='word_1_365' title='bbox 1388 2231 1579 2290; x_wconf 80' lang='lat' dir='ltr'><strong>parentemque</strong></span> <span class='ocrx_word' id='word_1_366' title='bbox 1591 2227 1728 2293; x_wconf 61' lang='lat' dir='ltr'><strong>progr-nial</strong></span> <span class='ocrx_word' id='word_1_367' title='bbox 1741 2229 1797 2277; x_wconf 67' lang='lat' dir='ltr'><strong>rna*-</strong></span> 
     </span>
     <span class='ocr_line' id='line_1_48' title="bbox 176 2285 1796 2360; baseline 0.004 -16"><span class='ocrx_word' id='word_1_368' title='bbox 176 2293 236 2348; x_wconf 89' lang='lat' dir='ltr'><strong>lari.</strong></span> <span class='ocrx_word' id='word_1_369' title='bbox 252 2291 360 2360; x_wconf 73' lang='lat' dir='ltr'><strong>blagicae</strong></span> <span class='ocrx_word' id='word_1_370' title='bbox 375 2300 464 2344; x_wconf 88' lang='lat' dir='ltr'><strong>autem</strong></span> <span class='ocrx_word' id='word_1_371' title='bbox 477 2285 624 2341; x_wconf 87' lang='lat' dir='ltr'><strong>delusionis</strong></span> <span class='ocrx_word' id='word_1_372' title='bbox 641 2300 699 2340; x_wconf 85' lang='lat' dir='ltr'><strong>arro</strong></span> <span class='ocrx_word' id='word_1_373' title='bbox 714 2286 748 2341; x_wconf 87' lang='lat' dir='ltr'><strong>de</strong></span> <span class='ocrx_word' id='word_1_374' title='bbox 764 2286 847 2341; x_wconf 86' lang='lat' dir='ltr'><strong>iberia</strong></span> <span class='ocrx_word' id='word_1_375' title='bbox 862 2291 959 2344; x_wconf 75' lang='lat' dir='ltr'><strong>namma</strong></span> <span class='ocrx_word' id='word_1_376' title='bbox 994 2293 1087 2338; x_wconf 78' lang='lat' dir='ltr'><strong>aaron</strong></span> <span class='ocrx_word' id='word_1_377' title='bbox 1103 2289 1240 2353; x_wconf 73' lang='lat' dir='ltr'><strong>consistit,</strong></span> <span class='ocrx_word' id='word_1_378' title='bbox 1256 2306 1271 2360; x_wconf 93' lang='lat' dir='ltr'><strong>q</strong></span> <span class='ocrx_word' id='word_1_379' title='bbox 1294 2291 1353 2344; x_wconf 90' lang='lat' dir='ltr'><strong>ibns</strong></span> <span class='ocrx_word' id='word_1_380' title='bbox 1370 2293 1532 2357; x_wconf 64' lang='lat' dir='ltr'><strong>praenatis</strong></span> <span class='ocrx_word' id='word_1_381' title='bbox 1545 2302 1600 2348; x_wconf 88' lang='lat' dir='ltr'><strong>tuta</strong></span> <span class='ocrx_word' id='word_1_382' title='bbox 1621 2295 1734 2348; x_wconf 74' lang='lat' dir='ltr'><strong>laetitias</strong></span> <span class='ocrx_word' id='word_1_383' title='bbox 1750 2313 1796 2350; x_wconf 87' lang='lat' dir='ltr'><strong>ce·</strong></span> 
     </span>
     <span class='ocr_line' id='line_1_49' title="bbox 150 2357 1798 2433; baseline 0.001 -17"><span class='ocrx_word' id='word_1_384' title='bbox 150 2395 152 2399; x_wconf 93' lang='lat'>-</span> <span class='ocrx_word' id='word_1_385' title='bbox 177 2362 290 2417; x_wconf 75' lang='lat' dir='ltr'><strong>aidanus</strong></span> <span class='ocrx_word' id='word_1_386' title='bbox 317 2359 479 2428; x_wconf 76' lang='lat' dir='ltr'><strong>magistrari.</strong></span> <span class='ocrx_word' id='word_1_387' title='bbox 494 2357 529 2411; x_wconf 87' lang='lat' dir='ltr'><strong>De</strong></span> <span class='ocrx_word' id='word_1_388' title='bbox 554 2357 651 2410; x_wconf 88' lang='lat' dir='ltr'><strong>nostris</strong></span> <span class='ocrx_word' id='word_1_389' title='bbox 677 2366 765 2410; x_wconf 83' lang='lat' dir='ltr'><strong>ararem</strong></span> <span class='ocrx_word' id='word_1_390' title='bbox 789 2357 958 2426; x_wconf 80' lang='lat' dir='ltr'><strong>lippientibus</strong></span> <span class='ocrx_word' id='word_1_391' title='bbox 1011 2357 1048 2410; x_wconf 65' lang='lat' dir='ltr'><strong>dit</strong></span> <span class='ocrx_word' id='word_1_392' title='bbox 1064 2359 1170 2410; x_wconf 79' lang='lat' dir='ltr'><strong>ionium.</strong></span> <span class='ocrx_word' id='word_1_393' title='bbox 1190 2360 1249 2412; x_wconf 78' lang='lat' dir='ltr'><strong>lime</strong></span> <span class='ocrx_word' id='word_1_394' title='bbox 1260 2375 1293 2413; x_wconf 90' lang='lat' dir='ltr'><strong>au</strong></span> <span class='ocrx_word' id='word_1_395' title='bbox 1306 2376 1347 2413; x_wconf 83' lang='lat' dir='ltr'><strong>ein</strong></span> <span class='ocrx_word' id='word_1_396' title='bbox 1364 2363 1475 2415; x_wconf 82' lang='lat' dir='ltr'><strong>aestimo</strong></span> <span class='ocrx_word' id='word_1_397' title='bbox 1492 2363 1588 2433; x_wconf 77' lang='lat' dir='ltr'><strong>gaudet</strong></span> <span class='ocrx_word' id='word_1_398' title='bbox 1601 2366 1730 2419; x_wconf 82' lang='lat' dir='ltr'><strong>varietate</strong></span> <span class='ocrx_word' id='word_1_399' title='bbox 1743 2366 1798 2422; x_wconf 85' lang='lat' dir='ltr'><strong>lre·</strong></span> 
     </span>
     <span class='ocr_line' id='line_1_50' title="bbox 175 2421 1795 2502; baseline 0.003 -18"><span class='ocrx_word' id='word_1_400' title='bbox 175 2441 249 2501; x_wconf 89' lang='lat' dir='ltr'><strong>patet</strong></span> <span class='ocrx_word' id='word_1_401' title='bbox 267 2442 293 2486; x_wconf 84' lang='lat' dir='ltr'><strong>et</strong></span> <span class='ocrx_word' id='word_1_402' title='bbox 306 2428 443 2485; x_wconf 78' lang='lat' dir='ltr'><strong>conuulsis</strong></span> <span class='ocrx_word' id='word_1_403' title='bbox 456 2428 549 2481; x_wconf 88' lang='lat' dir='ltr'><strong>ortilis.</strong></span> <span class='ocrx_word' id='word_1_404' title='bbox 566 2426 618 2481; x_wconf 88' lang='lat' dir='ltr'><strong>Sed</strong></span> <span class='ocrx_word' id='word_1_405' title='bbox 641 2424 697 2481; x_wconf 77' lang='lat' dir='ltr'><strong>laec</strong></span> <span class='ocrx_word' id='word_1_406' title='bbox 713 2427 841 2481; x_wconf 89' lang='lat' dir='ltr'><strong>lracteuus</strong></span> <span class='ocrx_word' id='word_1_407' title='bbox 859 2430 892 2483; x_wconf 85' lang='lat' dir='ltr'><strong>de</strong></span> <span class='ocrx_word' id='word_1_408' title='bbox 907 2431 957 2501; x_wconf 80' lang='lat' dir='ltr'><strong>dy·</strong></span> <span class='ocrx_word' id='word_1_409' title='bbox 1010 2428 1143 2496; x_wconf 74' lang='lat' dir='ltr'><strong>qrimniru.</strong></span> <span class='ocrx_word' id='word_1_410' title='bbox 1171 2445 1316 2497; x_wconf 80' lang='lat' dir='ltr'><strong>earrrurquc</strong></span> <span class='ocrx_word' id='word_1_411' title='bbox 1351 2431 1377 2484; x_wconf 93' lang='lat' dir='ltr'><strong>in</strong></span> <span class='ocrx_word' id='word_1_412' title='bbox 1410 2421 1572 2500; x_wconf 73' lang='lat' dir='ltr'><strong>sigiirtione</strong></span> <span class='ocrx_word' id='word_1_413' title='bbox 1597 2437 1795 2502; x_wconf 79' lang='lat' dir='ltr'><strong>arreintrratina,</strong></span> 
     </span>
     <span class='ocr_line' id='line_1_51' title="bbox 176 2496 1844 2568; baseline 0.002 -15"><span class='ocrx_word' id='word_1_414' title='bbox 176 2502 248 2555; x_wconf 85' lang='lat' dir='ltr'><strong>saolo</strong></span> <span class='ocrx_word' id='word_1_415' title='bbox 273 2500 416 2555; x_wconf 86' lang='lat' dir='ltr'><strong>sulticiam.</strong></span> <span class='ocrx_word' id='word_1_416' title='bbox 441 2496 480 2551; x_wconf 88' lang='lat' dir='ltr'><strong>Ne</strong></span> <span class='ocrx_word' id='word_1_417' title='bbox 500 2496 535 2550; x_wconf 90' lang='lat' dir='ltr'><strong>sit</strong></span> <span class='ocrx_word' id='word_1_418' title='bbox 548 2507 641 2567; x_wconf 34' lang='lat' dir='ltr'><strong>autem,</strong></span> <span class='ocrx_word' id='word_1_419' title='bbox 659 2496 805 2563; x_wconf 90' lang='lat' dir='ltr'><strong>discipulus</strong></span> <span class='ocrx_word' id='word_1_420' title='bbox 827 2496 958 2555; x_wconf 69' lang='lat' dir='ltr'><strong>rimemus</strong></span> <span class='ocrx_word' id='word_1_421' title='bbox 1010 2497 1122 2564; x_wconf 71' lang='lat' dir='ltr'><strong>partiaris</strong></span> <span class='ocrx_word' id='word_1_422' title='bbox 1134 2500 1413 2554; x_wconf 72' lang='lat' dir='ltr'><strong>brrmllcioracsaiem</strong></span> <span class='ocrx_word' id='word_1_423' title='bbox 1428 2505 1523 2568; x_wconf 72' lang='lat' dir='ltr'><strong>polire,</strong></span> <span class='ocrx_word' id='word_1_424' title='bbox 1534 2513 1561 2557; x_wconf 92' lang='lat' dir='ltr'><strong>et</strong></span> <span class='ocrx_word' id='word_1_425' title='bbox 1574 2505 1717 2558; x_wconf 71' lang='lat' dir='ltr'><strong>calamistri</strong></span> <span class='ocrx_word' id='word_1_426' title='bbox 1733 2516 1793 2558; x_wconf 76' lang='lat' dir='ltr'><strong>arir-</strong></span> <span class='ocrx_word' id='word_1_427' title='bbox 1842 2511 1844 2514; x_wconf 75' lang='grc'>’</span> 
     </span>
     <span class='ocr_line' id='line_1_52' title="bbox 175 2565 1793 2640; baseline 0.002 -15"><span class='ocrx_word' id='word_1_428' title='bbox 175 2586 238 2640; x_wconf 74' lang='lat' dir='ltr'><strong>erqo</strong></span> <span class='ocrx_word' id='word_1_429' title='bbox 250 2570 413 2638; x_wconf 77' lang='lat' dir='ltr'><strong>magistrum.</strong></span> <span class='ocrx_word' id='word_1_430' title='bbox 425 2565 564 2620; x_wconf 78' lang='lat' dir='ltr'><strong>Violeulire</strong></span> <span class='ocrx_word' id='word_1_431' title='bbox 575 2577 664 2619; x_wconf 84' lang='lat' dir='ltr'><strong>atatem</strong></span> <span class='ocrx_word' id='word_1_432' title='bbox 679 2565 873 2622; x_wconf 75' lang='lat' dir='ltr'><strong>albinusliibei</strong></span> <span class='ocrx_word' id='word_1_433' title='bbox 887 2569 957 2624; x_wconf 77' lang='lat' dir='ltr'><strong>illins</strong></span> <span class='ocrx_word' id='word_1_434' title='bbox 1009 2569 1154 2630; x_wconf 61' lang='lat' dir='ltr'><strong>inornate:</strong></span> <span class='ocrx_word' id='word_1_435' title='bbox 1168 2569 1317 2636; x_wconf 82' lang='lat' dir='ltr'><strong>iirlrtttttqrte</strong></span> <span class='ocrx_word' id='word_1_436' title='bbox 1338 2571 1494 2625; x_wconf 74' lang='lat' dir='ltr'><strong>aiiaersrtate</strong></span> <span class='ocrx_word' id='word_1_437' title='bbox 1511 2574 1629 2626; x_wconf 83' lang='lat' dir='ltr'><strong>seriatim</strong></span> <span class='ocrx_word' id='word_1_438' title='bbox 1650 2573 1793 2635; x_wconf 74' lang='lat' dir='ltr'><strong>lascivire,</strong></span> 
     </span>
     <span class='ocr_line' id='line_1_53' title="bbox 176 2631 1796 2712; baseline 0.002 -19"><span class='ocrx_word' id='word_1_439' title='bbox 176 2639 302 2709; x_wconf 76' lang='lat' dir='ltr'><strong>procedat</strong></span> <span class='ocrx_word' id='word_1_440' title='bbox 313 2641 338 2692; x_wconf 89' lang='lat' dir='ltr'><strong>iu</strong></span> <span class='ocrx_word' id='word_1_441' title='bbox 351 2637 515 2705; x_wconf 81' lang='lat' dir='ltr'><strong>exemplum,</strong></span> <span class='ocrx_word' id='word_1_442' title='bbox 531 2631 576 2704; x_wconf 82' lang='lat' dir='ltr'><strong>q&#39;m</strong></span> <span class='ocrx_word' id='word_1_443' title='bbox 591 2651 650 2688; x_wconf 92' lang='lat' dir='ltr'><strong>cum</strong></span> <span class='ocrx_word' id='word_1_444' title='bbox 663 2645 736 2690; x_wconf 73' lang='lat' dir='ltr'><strong>esset</strong></span> <span class='ocrx_word' id='word_1_445' title='bbox 751 2637 821 2692; x_wconf 90' lang='lat' dir='ltr'><strong>lilius</strong></span> <span class='ocrx_word' id='word_1_446' title='bbox 834 2637 957 2694; x_wconf 83' lang='lat' dir='ltr'><strong>dilectio·</strong></span> <span class='ocrx_word' id='word_1_447' title='bbox 1008 2638 1152 2707; x_wconf 78' lang='lat' dir='ltr'><strong>g-alaasique</strong></span> <span class='ocrx_word' id='word_1_448' title='bbox 1168 2655 1241 2692; x_wconf 88' lang='lat' dir='ltr'><strong>snam</strong></span> <span class='ocrx_word' id='word_1_449' title='bbox 1263 2642 1323 2692; x_wconf 85' lang='lat' dir='ltr'><strong>limo</strong></span> <span class='ocrx_word' id='word_1_450' title='bbox 1337 2642 1512 2708; x_wconf 76' lang='lat' dir='ltr'><strong>periirrrdere,</strong></span> <span class='ocrx_word' id='word_1_451' title='bbox 1534 2645 1720 2712; x_wconf 73' lang='lat' dir='ltr'><strong>inmaeulmque</strong></span> <span class='ocrx_word' id='word_1_452' title='bbox 1738 2645 1796 2700; x_wconf 83' lang='lat' dir='ltr'><strong>ire-</strong></span> 
     </span>
     <span class='ocr_line' id='line_1_54' title="bbox 175 2705 1794 2779; baseline 0.004 -19"><span class='ocrx_word' id='word_1_453' title='bbox 175 2726 227 2775; x_wconf 84' lang='lat' dir='ltr'><strong>nis,</strong></span> <span class='ocrx_word' id='word_1_454' title='bbox 243 2711 327 2779; x_wconf 76' lang='lat' dir='ltr'><strong>magis</strong></span> <span class='ocrx_word' id='word_1_455' title='bbox 340 2721 405 2762; x_wconf 84' lang='lat' dir='ltr'><strong>vero</strong></span> <span class='ocrx_word' id='word_1_456' title='bbox 421 2705 583 2761; x_wconf 75' lang='lat' dir='ltr'><strong>infelicitatis</strong></span> <span class='ocrx_word' id='word_1_457' title='bbox 597 2720 756 2774; x_wconf 72' lang='lat' dir='ltr'><strong>praecurso,</strong></span> <span class='ocrx_word' id='word_1_458' title='bbox 769 2707 895 2776; x_wconf 74' lang='lat' dir='ltr'><strong>rotagistro</strong></span> <span class='ocrx_word' id='word_1_459' title='bbox 908 2725 957 2764; x_wconf 91' lang='lat' dir='ltr'><strong>suo</strong></span> <span class='ocrx_word' id='word_1_460' title='bbox 973 2767 977 2776; x_wconf 59' lang='grc'>,</span> <span class='ocrx_word' id='word_1_461' title='bbox 1008 2709 1099 2774; x_wconf 81' lang='lat' dir='ltr'><strong>quanti</strong></span> <span class='ocrx_word' id='word_1_462' title='bbox 1114 2709 1283 2776; x_wconf 77' lang='lat' dir='ltr'><strong>castigationi</strong></span> <span class='ocrx_word' id='word_1_463' title='bbox 1295 2712 1412 2770; x_wconf 82' lang='lat' dir='ltr'><strong>intnare,</strong></span> <span class='ocrx_word' id='word_1_464' title='bbox 1427 2711 1513 2764; x_wconf 80' lang='lat' dir='ltr'><strong>sirium</strong></span> <span class='ocrx_word' id='word_1_465' title='bbox 1530 2713 1693 2766; x_wconf 75' lang='lat' dir='ltr'><strong>monaulon</strong></span> <span class='ocrx_word' id='word_1_466' title='bbox 1706 2715 1794 2768; x_wconf 83' lang='lat' dir='ltr'><strong>adian-</strong></span> 
     </span>
     <span class='ocr_line' id='line_1_55' title="bbox 173 2775 1794 2852; baseline 0.001 -17"><span class='ocrx_word' id='word_1_467' title='bbox 173 2778 261 2836; x_wconf 84' lang='lat' dir='ltr'><strong>Griilo</strong></span> <span class='ocrx_word' id='word_1_468' title='bbox 273 2777 431 2847; x_wconf 90' lang='lat' dir='ltr'><strong>quaudoque</strong></span> <span class='ocrx_word' id='word_1_469' title='bbox 450 2775 605 2830; x_wconf 82' lang='lat' dir='ltr'><strong>balbutienti</strong></span> <span class='ocrx_word' id='word_1_470' title='bbox 626 2791 719 2829; x_wconf 77' lang='lat' dir='ltr'><strong>narrans</strong></span> <span class='ocrx_word' id='word_1_471' title='bbox 737 2777 827 2845; x_wconf 83' lang='lat' dir='ltr'><strong>injecit</strong></span> <span class='ocrx_word' id='word_1_472' title='bbox 840 2779 956 2834; x_wconf 88' lang='lat' dir='ltr'><strong>scelera·</strong></span> <span class='ocrx_word' id='word_1_473' title='bbox 1008 2777 1093 2843; x_wconf 91' lang='lat' dir='ltr'><strong>plere,</strong></span> <span class='ocrx_word' id='word_1_474' title='bbox 1109 2781 1248 2847; x_wconf 78' lang='lat' dir='ltr'><strong>gennnaits</strong></span> <span class='ocrx_word' id='word_1_475' title='bbox 1263 2780 1330 2832; x_wconf 90' lang='lat' dir='ltr'><strong>rollo</strong></span> <span class='ocrx_word' id='word_1_476' title='bbox 1343 2781 1496 2845; x_wconf 85' lang='lat' dir='ltr'><strong>rrirniilibos,</strong></span> <span class='ocrx_word' id='word_1_477' title='bbox 1513 2781 1726 2852; x_wconf 79' lang='lat' dir='ltr'><strong>Parthorumque</strong></span> <span class='ocrx_word' id='word_1_478' title='bbox 1737 2786 1794 2838; x_wconf 89' lang='lat' dir='ltr'><strong>ciu-</strong></span> 
     </span>
     <span class='ocr_line' id='line_1_56' title="bbox 173 2845 1793 2918; baseline 0.002 -13"><span class='ocrx_word' id='word_1_479' title='bbox 173 2861 227 2914; x_wconf 90' lang='lat' dir='ltr'><strong>tas,</strong></span> <span class='ocrx_word' id='word_1_480' title='bbox 242 2864 273 2902; x_wconf 88' lang='lat' dir='ltr'><strong>ac</strong></span> <span class='ocrx_word' id='word_1_481' title='bbox 286 2848 411 2903; x_wconf 83' lang='lat' dir='ltr'><strong>cattitiem</strong></span> <span class='ocrx_word' id='word_1_482' title='bbox 427 2846 486 2915; x_wconf 81' lang='lat' dir='ltr'><strong>eius</strong></span> <span class='ocrx_word' id='word_1_483' title='bbox 506 2845 685 2901; x_wconf 82' lang='lat' dir='ltr'><strong>venerabilem</strong></span> <span class='ocrx_word' id='word_1_484' title='bbox 704 2847 774 2902; x_wconf 78' lang='lat' dir='ltr'><strong>loerlo</strong></span> <span class='ocrx_word' id='word_1_485' title='bbox 788 2846 884 2915; x_wconf 92' lang='lat' dir='ltr'><strong>pedum</strong></span> <span class='ocrx_word' id='word_1_486' title='bbox 901 2866 956 2904; x_wconf 81' lang='lat' dir='ltr'><strong>rita·</strong></span> <span class='ocrx_word' id='word_1_487' title='bbox 1007 2847 1078 2913; x_wconf 72' lang='lat' dir='ltr'><strong>graiis</strong></span> <span class='ocrx_word' id='word_1_488' title='bbox 1088 2849 1373 2918; x_wconf 72' lang='lat' dir='ltr'><strong>ceutronicastigatum</strong></span> <span class='ocrx_word' id='word_1_489' title='bbox 1383 2851 1451 2917; x_wconf 89' lang='lat' dir='ltr'><strong>plebi</strong></span> <span class='ocrx_word' id='word_1_490' title='bbox 1463 2852 1793 2916; x_wconf 79' lang='lat' dir='ltr'><strong>oszendere,·rosuatisu-</strong></span> 
     </span>
     <span class='ocr_line' id='line_1_57' title="bbox 173 2916 1791 2992; baseline 0.001 -17"><span class='ocrx_word' id='word_1_491' title='bbox 173 2918 488 2984; x_wconf 68' lang='lat' dir='ltr'><strong>interlocutionem</strong></span> <span class='ocrx_word' id='word_1_492' title='bbox 511 2916 576 2970; x_wconf 83' lang='lat' dir='ltr'><strong>tanti</strong></span> <span class='ocrx_word' id='word_1_493' title='bbox 591 2916 700 2970; x_wconf 88' lang='lat' dir='ltr'><strong>sceleris</strong></span> <span class='ocrx_word' id='word_1_494' title='bbox 713 2931 792 2969; x_wconf 91' lang='lat' dir='ltr'><strong>causa</strong></span> <span class='ocrx_word' id='word_1_495' title='bbox 814 2917 954 2987; x_wconf 77' lang='lat' dir='ltr'><strong>luit,·qnia</strong></span> <span class='ocrx_word' id='word_1_496' title='bbox 1009 2917 1264 2988; x_wconf 82' lang='lat' dir='ltr'><strong>bulatisqueeaiceis</strong></span> <span class='ocrx_word' id='word_1_497' title='bbox 1281 2930 1308 2973; x_wconf 94' lang='lat' dir='ltr'><strong>nt</strong></span> <span class='ocrx_word' id='word_1_498' title='bbox 1324 2924 1412 2988; x_wconf 82' lang='lat' dir='ltr'><strong>regim</strong></span> <span class='ocrx_word' id='word_1_499' title='bbox 1429 2921 1791 2992; x_wconf 85' lang='lat' dir='ltr'><strong>iraeedere,cuiloqoeelatu,</strong></span> 
     </span>
     <span class='ocr_line' id='line_1_58' title="bbox 173 2986 1790 3062; baseline 0.001 -17"><span class='ocrx_word' id='word_1_500' title='bbox 173 2991 206 3045; x_wconf 85' lang='lat' dir='ltr'><strong>ati</strong></span> <span class='ocrx_word' id='word_1_501' title='bbox 221 2989 334 3061; x_wconf 83' lang='lat' dir='ltr'><strong>primam</strong></span> <span class='ocrx_word' id='word_1_502' title='bbox 349 2987 420 3042; x_wconf 86' lang='lat' dir='ltr'><strong>aeris</strong></span> <span class='ocrx_word' id='word_1_503' title='bbox 435 2986 637 3052; x_wconf 77' lang='lat' dir='ltr'><strong>itnpressionem</strong></span> <span class='ocrx_word' id='word_1_504' title='bbox 651 2996 732 3040; x_wconf 90' lang='lat' dir='ltr'><strong>totam</strong></span> <span class='ocrx_word' id='word_1_505' title='bbox 747 2986 865 3056; x_wconf 85' lang='lat' dir='ltr'><strong>nequivit</strong></span> <span class='ocrx_word' id='word_1_506' title='bbox 880 3004 955 3043; x_wconf 79' lang='lat' dir='ltr'><strong>corii·</strong></span> <span class='ocrx_word' id='word_1_507' title='bbox 1005 2996 1113 3055; x_wconf 75' lang='lat' dir='ltr'><strong>gulttare</strong></span> <span class='ocrx_word' id='word_1_508' title='bbox 1128 2986 1229 3052; x_wconf 91' lang='lat' dir='ltr'><strong>inilato,</strong></span> <span class='ocrx_word' id='word_1_509' title='bbox 1246 2990 1388 3059; x_wconf 81' lang='lat' dir='ltr'><strong>stiporciiio</strong></span> <span class='ocrx_word' id='word_1_510' title='bbox 1403 2992 1534 3057; x_wconf 82' lang='lat' dir='ltr'><strong>tiaratiiaio,</strong></span> <span class='ocrx_word' id='word_1_511' title='bbox 1548 2993 1628 3045; x_wconf 83' lang='lat' dir='ltr'><strong>oculo</strong></span> <span class='ocrx_word' id='word_1_512' title='bbox 1642 2995 1790 3062; x_wconf 77' lang='lat' dir='ltr'><strong>bopardia-o,</strong></span> 
     </span>
     <span class='ocr_line' id='line_1_59' title="bbox 160 3055 1791 3133; baseline 0.001 -19"><span class='ocrx_word' id='word_1_513' title='bbox 160 3059 339 3130; x_wconf 68' lang='lat' dir='ltr'><strong>¹preirendere</strong></span> <span class='ocrx_word' id='word_1_514' title='bbox 358 3055 584 3112; x_wconf 79' lang='lat' dir='ltr'><strong>corastirulionem.</strong></span> <span class='ocrx_word' id='word_1_515' title='bbox 608 3056 677 3110; x_wconf 79' lang='lat' dir='ltr'><strong>i‘rolr</strong></span> <span class='ocrx_word' id='word_1_516' title='bbox 699 3057 824 3114; x_wconf 84' lang='lat' dir='ltr'><strong>dedecus.</strong></span> <span class='ocrx_word' id='word_1_517' title='bbox 846 3058 911 3127; x_wconf 86' lang='lat' dir='ltr'><strong>proli</strong></span> <span class='ocrx_word' id='word_1_518' title='bbox 926 3061 955 3112; x_wconf 86' lang='lat' dir='ltr'><strong>lit</strong></span> <span class='ocrx_word' id='word_1_519' title='bbox 1007 3058 1791 3133; x_wconf 55' lang='lat' dir='ltr'><strong>laboriosoqueincessassemicirculariterirrecderepandet.</strong></span> 
     </span>
     <span class='ocr_line' id='line_1_60' title="bbox 172 3125 1791 3203; baseline 0 -17"><span class='ocrx_word' id='word_1_520' title='bbox 172 3131 286 3186; x_wconf 75' lang='lat' dir='ltr'><strong>infelicis</strong></span> <span class='ocrx_word' id='word_1_521' title='bbox 301 3128 422 3198; x_wconf 89' lang='lat' dir='ltr'><strong>discipuli</strong></span> <span class='ocrx_word' id='word_1_522' title='bbox 436 3126 464 3180; x_wconf 91' lang='lat' dir='ltr'><strong>in</strong></span> <span class='ocrx_word' id='word_1_523' title='bbox 483 3134 562 3193; x_wconf 90' lang='lat' dir='ltr'><strong>caput</strong></span> <span class='ocrx_word' id='word_1_524' title='bbox 583 3126 715 3180; x_wconf 87' lang='lat' dir='ltr'><strong>lelicitotis</strong></span> <span class='ocrx_word' id='word_1_525' title='bbox 729 3141 854 3181; x_wconf 89' lang='lat' dir='ltr'><strong>accessus</strong></span> <span class='ocrx_word' id='word_1_526' title='bbox 867 3128 873 3181; x_wconf 88' lang='grc' dir='ltr'><strong>ι</strong></span> <span class='ocrx_word' id='word_1_527' title='bbox 888 3128 952 3182; x_wconf 79' lang='lat' dir='ltr'><strong>‘iam</strong></span> <span class='ocrx_word' id='word_1_528' title='bbox 968 3141 991 3203; x_wconf 71' lang='lat' dir='ltr'>c</span> <span class='ocrx_word' id='word_1_529' title='bbox 1008 3125 1084 3181; x_wconf 82' lang='lat' dir='ltr'><strong>liaris</strong></span> <span class='ocrx_word' id='word_1_530' title='bbox 1095 3138 1182 3182; x_wconf 86' lang='lat' dir='ltr'><strong>mrtem</strong></span> <span class='ocrx_word' id='word_1_531' title='bbox 1200 3144 1344 3198; x_wconf 88' lang='lat' dir='ltr'><strong>parumque</strong></span> <span class='ocrx_word' id='word_1_532' title='bbox 1358 3130 1486 3183; x_wconf 80' lang='lat' dir='ltr'><strong>modestis</strong></span> <span class='ocrx_word' id='word_1_533' title='bbox 1499 3132 1667 3185; x_wconf 73' lang='lat' dir='ltr'><strong>aasmnonibns</strong></span> <span class='ocrx_word' id='word_1_534' title='bbox 1682 3138 1791 3203; x_wconf 81' lang='lat' dir='ltr'><strong>aaopnl·</strong></span> 
     </span>
    </p>
   </div>
   <div class='ocr_carea' id='block_1_6' title="bbox 171 3195 1790 3267">
    <p class='ocr_par' dir='ltr' id='par_1_6' title="bbox 171 3195 1790 3267">
     <span class='ocr_line' id='line_1_61' title="bbox 171 3195 1790 3267; baseline 0.001 -11"><span class='ocrx_word' id='word_1_535' title='bbox 171 3203 304 3256; x_wconf 88' lang='lat' dir='ltr'><strong>scelerato</strong></span> <span class='ocrx_word' id='word_1_536' title='bbox 331 3197 401 3253; x_wconf 84' lang='lat' dir='ltr'><strong>Nero</strong></span> <span class='ocrx_word' id='word_1_537' title='bbox 425 3197 540 3266; x_wconf 73' lang='lat' dir='ltr'><strong>gaudeat</strong></span> <span class='ocrx_word' id='word_1_538' title='bbox 564 3195 683 3260; x_wconf 75' lang='lat' dir='ltr'><strong>bunede,</strong></span> <span class='ocrx_word' id='word_1_539' title='bbox 707 3205 761 3249; x_wconf 94' lang='lat' dir='ltr'><strong>tam</strong></span> <span class='ocrx_word' id='word_1_540' title='bbox 782 3198 952 3265; x_wconf 91' lang='lat' dir='ltr'><strong>coinquinato</strong></span> <span class='ocrx_word' id='word_1_541' title='bbox 1007 3196 1065 3260; x_wconf 87' lang='lat' dir='ltr'><strong>iuri,</strong></span> <span class='ocrx_word' id='word_1_542' title='bbox 1090 3198 1270 3267; x_wconf 81' lang='lat' dir='ltr'><strong>appositisque</strong></span> <span class='ocrx_word' id='word_1_543' title='bbox 1292 3200 1399 3253; x_wconf 69' lang='lat' dir='ltr'><strong>cibarias</strong></span> <span class='ocrx_word' id='word_1_544' title='bbox 1426 3201 1513 3253; x_wconf 88' lang='lat' dir='ltr'><strong>omnia</strong></span> <span class='ocrx_word' id='word_1_545' title='bbox 1540 3201 1680 3266; x_wconf 79' lang='lat' dir='ltr'><strong>laistrdire,</strong></span> <span class='ocrx_word' id='word_1_546' title='bbox 1697 3205 1790 3258; x_wconf 88' lang='lat' dir='ltr'><strong>litibus</strong></span> 
     </span>
    </p>
   </div>
   <div class='ocr_carea' id='block_1_7' title="bbox 143 3265 952 3896">
    <p class='ocr_par' dir='ltr' id='par_1_7' title="bbox 143 3265 952 3896">
     <span class='ocr_line' id='line_1_62' title="bbox 171 3265 952 3330; baseline -0.003 -5"><span class='ocrx_word' id='word_1_547' title='bbox 171 3273 272 3325; x_wconf 77' lang='lat' dir='ltr'><strong>doctiss</strong></span> <span class='ocrx_word' id='word_1_548' title='bbox 283 3283 447 3323; x_wconf 88' lang='lat' dir='ltr'><strong>successore.</strong></span> <span class='ocrx_word' id='word_1_549' title='bbox 456 3265 556 3319; x_wconf 77' lang='lat' dir='ltr'><strong>Grillns</strong></span> <span class='ocrx_word' id='word_1_550' title='bbox 566 3280 630 3320; x_wconf 82' lang='lat' dir='ltr'><strong>aero</strong></span> <span class='ocrx_word' id='word_1_551' title='bbox 638 3280 697 3320; x_wconf 84' lang='lat' dir='ltr'><strong>caim</strong></span> <span class='ocrx_word' id='word_1_552' title='bbox 708 3267 828 3330; x_wconf 89' lang='lat' dir='ltr'><strong>Socrate,</strong></span> <span class='ocrx_word' id='word_1_553' title='bbox 841 3270 952 3323; x_wconf 84' lang='lat' dir='ltr'><strong>Senecae</strong></span> 
     </span>
     <span class='ocr_line' id='line_1_63' title="bbox 169 3335 951 3408; baseline 0.001 -16"><span class='ocrx_word' id='word_1_554' title='bbox 169 3340 284 3408; x_wconf 76' lang='lat' dir='ltr'><strong>gaudeat</strong></span> <span class='ocrx_word' id='word_1_555' title='bbox 309 3337 437 3407; x_wconf 87' lang='lat' dir='ltr'><strong>appetitu.</strong></span> <span class='ocrx_word' id='word_1_556' title='bbox 459 3335 515 3389; x_wconf 89' lang='lat' dir='ltr'><strong>Nou</strong></span> <span class='ocrx_word' id='word_1_557' title='bbox 529 3343 571 3389; x_wconf 89' lang='lat' dir='ltr'><strong>est</strong></span> <span class='ocrx_word' id='word_1_558' title='bbox 588 3350 652 3404; x_wconf 82' lang='lat' dir='ltr'><strong>ergo</strong></span> <span class='ocrx_word' id='word_1_559' title='bbox 665 3337 760 3404; x_wconf 71' lang='lat' dir='ltr'><strong>«lignus</strong></span> <span class='ocrx_word' id='word_1_560' title='bbox 781 3337 891 3392; x_wconf 86' lang='lat' dir='ltr'><strong>scientia</strong></span> <span class='ocrx_word' id='word_1_561' title='bbox 906 3339 951 3406; x_wconf 87' lang='lat' dir='ltr'><strong>qai</strong></span> 
     </span>
     <span class='ocr_line' id='line_1_64' title="bbox 169 3405 950 3474; baseline -0.004 -11"><span class='ocrx_word' id='word_1_562' title='bbox 169 3408 289 3464; x_wconf 74' lang='lat' dir='ltr'><strong>scientias</strong></span> <span class='ocrx_word' id='word_1_563' title='bbox 304 3408 416 3474; x_wconf 74' lang='lat' dir='ltr'><strong>traangtt</strong></span> <span class='ocrx_word' id='word_1_564' title='bbox 432 3407 598 3473; x_wconf 75' lang='lat' dir='ltr'><strong>preceptori.</strong></span> <span class='ocrx_word' id='word_1_565' title='bbox 614 3406 736 3459; x_wconf 73' lang='lat' dir='ltr'><strong>hisauriae</strong></span> <span class='ocrx_word' id='word_1_566' title='bbox 751 3405 884 3462; x_wconf 85' lang='lat' dir='ltr'><strong>aierrore</strong></span> <span class='ocrx_word' id='word_1_567' title='bbox 894 3418 950 3462; x_wconf 85' lang='lat' dir='ltr'><strong>stu-</strong></span> 
     </span>
     <span class='ocr_line' id='line_1_65' title="bbox 170 3475 949 3544; baseline 0.001 -13"><span class='ocrx_word' id='word_1_568' title='bbox 170 3479 232 3533; x_wconf 86' lang='lat' dir='ltr'><strong>oeat</strong></span> <span class='ocrx_word' id='word_1_569' title='bbox 252 3492 282 3532; x_wconf 77' lang='lat' dir='ltr'><strong>ee</strong></span> <span class='ocrx_word' id='word_1_570' title='bbox 302 3476 448 3544; x_wconf 88' lang='lat' dir='ltr'><strong>discipulus</strong></span> <span class='ocrx_word' id='word_1_571' title='bbox 468 3475 598 3540; x_wconf 77' lang='lat' dir='ltr'><strong>alienare,</strong></span> <span class='ocrx_word' id='word_1_572' title='bbox 617 3476 701 3540; x_wconf 82' lang='lat' dir='ltr'><strong>Quam</strong></span> <span class='ocrx_word' id='word_1_573' title='bbox 729 3477 826 3543; x_wconf 85' lang='lat' dir='ltr'><strong>triplici</strong></span> <span class='ocrx_word' id='word_1_574' title='bbox 851 3477 949 3532; x_wconf 87' lang='lat' dir='ltr'><strong>satirici</strong></span> 
     </span>
     <span class='ocr_line' id='line_1_66' title="bbox 170 3544 949 3617; baseline -0.003 -14"><span class='ocrx_word' id='word_1_575' title='bbox 170 3548 312 3617; x_wconf 82' lang='lat' dir='ltr'><strong>partitione</strong></span> <span class='ocrx_word' id='word_1_576' title='bbox 324 3547 489 3599; x_wconf 80' lang='lat' dir='ltr'><strong>diuiserunt:</strong></span> <span class='ocrx_word' id='word_1_577' title='bbox 511 3544 651 3611; x_wconf 90' lang='lat' dir='ltr'><strong>qnamdam</strong></span> <span class='ocrx_word' id='word_1_578' title='bbox 676 3544 701 3597; x_wconf 92' lang='lat' dir='ltr'><strong>iu</strong></span> <span class='ocrx_word' id='word_1_579' title='bbox 719 3554 813 3597; x_wconf 92' lang='lat' dir='ltr'><strong>ornatu</strong></span> <span class='ocrx_word' id='word_1_580' title='bbox 837 3547 949 3601; x_wconf 83' lang='lat' dir='ltr'><strong>restium</strong></span> 
     </span>
     <span class='ocr_line' id='line_1_67' title="bbox 143 3613 948 3684; baseline -0.005 -14"><span class='ocrx_word' id='word_1_581' title='bbox 143 3636 146 3641; x_wconf 92' lang='lat'>·</span> <span class='ocrx_word' id='word_1_582' title='bbox 168 3619 287 3672; x_wconf 88' lang='lat' dir='ltr'><strong>dicentes</strong></span> <span class='ocrx_word' id='word_1_583' title='bbox 300 3615 455 3673; x_wconf 84' lang='lat' dir='ltr'><strong>consistere,</strong></span> <span class='ocrx_word' id='word_1_584' title='bbox 468 3613 546 3665; x_wconf 90' lang='lat' dir='ltr'><strong>aliam</strong></span> <span class='ocrx_word' id='word_1_585' title='bbox 563 3614 589 3665; x_wconf 91' lang='lat' dir='ltr'><strong>in</strong></span> <span class='ocrx_word' id='word_1_586' title='bbox 602 3615 684 3677; x_wconf 90' lang='lat' dir='ltr'><strong>coiu,</strong></span> <span class='ocrx_word' id='word_1_587' title='bbox 704 3614 808 3666; x_wconf 89' lang='lat' dir='ltr'><strong>tertiam</strong></span> <span class='ocrx_word' id='word_1_588' title='bbox 825 3630 889 3668; x_wconf 69' lang='lat' dir='ltr'><strong>rarii</strong></span> <span class='ocrx_word' id='word_1_589' title='bbox 900 3633 948 3684; x_wconf 77' lang='lat' dir='ltr'><strong>gu·</strong></span> 
     </span>
     <span class='ocr_line' id='line_1_68' title="bbox 169 3681 947 3750; baseline -0.001 -9"><span class='ocrx_word' id='word_1_590' title='bbox 169 3688 281 3741; x_wconf 87' lang='lat' dir='ltr'><strong>iositatis</strong></span> <span class='ocrx_word' id='word_1_591' title='bbox 296 3685 468 3739; x_wconf 56' lang='lat' dir='ltr'><strong>assistricem.</strong></span> <span class='ocrx_word' id='word_1_592' title='bbox 481 3681 630 3750; x_wconf 84' lang='lat' dir='ltr'><strong>Cairistibet</strong></span> <span class='ocrx_word' id='word_1_593' title='bbox 642 3698 706 3737; x_wconf 86' lang='lat' dir='ltr'><strong>vero</strong></span> <span class='ocrx_word' id='word_1_594' title='bbox 721 3682 796 3738; x_wconf 86' lang='lat' dir='ltr'><strong>rabie</strong></span> <span class='ocrx_word' id='word_1_595' title='bbox 818 3683 947 3741; x_wconf 85' lang='lat' dir='ltr'><strong>loculenta</strong></span> 
     </span>
     <span class='ocr_line' id='line_1_69' title="bbox 169 3753 948 3825; baseline -0.004 -15"><span class='ocrx_word' id='word_1_596' title='bbox 169 3757 323 3825; x_wconf 89' lang='lat' dir='ltr'><strong>lrequeuter</strong></span> <span class='ocrx_word' id='word_1_597' title='bbox 338 3753 948 3820; x_wconf 67' lang='lat' dir='ltr'><strong>norimuslaboraresubjectus.Currruruelroso</strong></span> 
     </span>
     <span class='ocr_line' id='line_1_70' title="bbox 168 3821 949 3896; baseline -0.001 -15"><span class='ocrx_word' id='word_1_598' title='bbox 168 3827 253 3881; x_wconf 87' lang='lat' dir='ltr'><strong>coitus</strong></span> <span class='ocrx_word' id='word_1_599' title='bbox 279 3825 398 3896; x_wconf 89' lang='lat' dir='ltr'><strong>appetitu</strong></span> <span class='ocrx_word' id='word_1_600' title='bbox 424 3821 596 3892; x_wconf 79' lang='lat' dir='ltr'><strong>sanguineum</strong></span> <span class='ocrx_word' id='word_1_601' title='bbox 627 3822 740 3877; x_wconf 81' lang='lat' dir='ltr'><strong>Larcretii</strong></span> <span class='ocrx_word' id='word_1_602' title='bbox 772 3823 870 3890; x_wconf 90' lang='lat' dir='ltr'><strong>litium,</strong></span> <span class='ocrx_word' id='word_1_603' title='bbox 898 3827 949 3882; x_wconf 83' lang='lat' dir='ltr'><strong>Ze-</strong></span> 
     </span>
    </p>
   </div>
   <div class='ocr_carea' id='block_1_8' title="bbox 1000 3267 1789 3900">
    <p class='ocr_par' dir='ltr' id='par_1_8' title="bbox 1000 3267 1789 3900">
     <span class='ocr_line' id='line_1_71' title="bbox 1004 3267 1786 3341; baseline 0.014 -23"><span class='ocrx_word' id='word_1_604' title='bbox 1004 3267 1162 3334; x_wconf 83' lang='lat' dir='ltr'><strong>seriicntes,</strong></span> <span class='ocrx_word' id='word_1_605' title='bbox 1182 3270 1284 3336; x_wconf 86' lang='lat' dir='ltr'><strong>probris</strong></span> <span class='ocrx_word' id='word_1_606' title='bbox 1298 3268 1409 3333; x_wconf 79' lang='lat' dir='ltr'><strong>aristaeo,</strong></span> <span class='ocrx_word' id='word_1_607' title='bbox 1426 3271 1588 3324; x_wconf 82' lang='lat' dir='ltr'><strong>ortaciatibns</strong></span> <span class='ocrx_word' id='word_1_608' title='bbox 1599 3274 1706 3341; x_wconf 73' lang='lat' dir='ltr'><strong>igarotos</strong></span> <span class='ocrx_word' id='word_1_609' title='bbox 1716 3274 1786 3329; x_wconf 80' lang='lat' dir='ltr'><strong>affli-</strong></span> 
     </span>
     <span class='ocr_line' id='line_1_72' title="bbox 1004 3339 1787 3413; baseline 0.011 -24"><span class='ocrx_word' id='word_1_610' title='bbox 1004 3351 1082 3404; x_wconf 77' lang='lat' dir='ltr'><strong>gere,</strong></span> <span class='ocrx_word' id='word_1_611' title='bbox 1097 3339 1189 3391; x_wconf 84' lang='lat' dir='ltr'><strong>ultimo</strong></span> <span class='ocrx_word' id='word_1_612' title='bbox 1213 3354 1327 3408; x_wconf 91' lang='lat' dir='ltr'><strong>raroque</strong></span> <span class='ocrx_word' id='word_1_613' title='bbox 1351 3339 1449 3392; x_wconf 81' lang='lat' dir='ltr'><strong>subolis</strong></span> <span class='ocrx_word' id='word_1_614' title='bbox 1466 3339 1614 3404; x_wconf 86' lang='lat' dir='ltr'><strong>interesse,</strong></span> <span class='ocrx_word' id='word_1_615' title='bbox 1637 3358 1787 3413; x_wconf 84' lang='lat' dir='ltr'><strong>parumque</strong></span> 
     </span>
     <span class='ocr_line' id='line_1_73' title="bbox 1004 3410 1785 3482; baseline 0.012 -24"><span class='ocrx_word' id='word_1_616' title='bbox 1004 3411 1102 3473; x_wconf 88' lang='lat' dir='ltr'><strong>prodes</strong></span> <span class='ocrx_word' id='word_1_617' title='bbox 1118 3424 1142 3472; x_wconf 90' lang='lat' dir='ltr'><strong>e,</strong></span> <span class='ocrx_word' id='word_1_618' title='bbox 1167 3410 1252 3476; x_wconf 83' lang='lat' dir='ltr'><strong>priano</strong></span> <span class='ocrx_word' id='word_1_619' title='bbox 1275 3412 1374 3463; x_wconf 85' lang='lat' dir='ltr'><strong>easdem</strong></span> <span class='ocrx_word' id='word_1_620' title='bbox 1391 3410 1485 3463; x_wconf 85' lang='lat' dir='ltr'><strong>abesse</strong></span> <span class='ocrx_word' id='word_1_621' title='bbox 1507 3410 1622 3466; x_wconf 72' lang='lat' dir='ltr'><strong>iestina&#39;.</strong></span> <span class='ocrx_word' id='word_1_622' title='bbox 1651 3414 1674 3466; x_wconf 86' lang='lat'>0</span> <span class='ocrx_word' id='word_1_623' title='bbox 1698 3417 1785 3482; x_wconf 85' lang='lat' dir='ltr'><strong>quatis</strong></span> 
     </span>
     <span class='ocr_line' id='line_1_74' title="bbox 1002 3478 1789 3550; baseline 0.017 -24"><span class='ocrx_word' id='word_1_624' title='bbox 1002 3491 1152 3545; x_wconf 75' lang='lat' dir='ltr'><strong>aiaratuaqne</strong></span> <span class='ocrx_word' id='word_1_625' title='bbox 1164 3479 1285 3536; x_wconf 83' lang='lat' dir='ltr'><strong>tiliorum</strong></span> <span class='ocrx_word' id='word_1_626' title='bbox 1296 3490 1335 3532; x_wconf 84' lang='lat' dir='ltr'><strong>est</strong></span> <span class='ocrx_word' id='word_1_627' title='bbox 1348 3480 1488 3548; x_wconf 84' lang='lat' dir='ltr'><strong>permixtio</strong></span> <span class='ocrx_word' id='word_1_628' title='bbox 1498 3480 1504 3534; x_wconf 89' lang='lat'>!</span> <span class='ocrx_word' id='word_1_629' title='bbox 1515 3478 1580 3534; x_wconf 87' lang='lat' dir='ltr'><strong>Com</strong></span> <span class='ocrx_word' id='word_1_630' title='bbox 1592 3481 1706 3550; x_wconf 87' lang='lat' dir='ltr'><strong>quodam</strong></span> <span class='ocrx_word' id='word_1_631' title='bbox 1720 3493 1789 3539; x_wconf 81' lang='lat' dir='ltr'><strong>letit-</strong></span> 
     </span>
     <span class='ocr_line' id='line_1_75' title="bbox 1004 3550 1787 3624; baseline 0.014 -31"><span class='ocrx_word' id='word_1_632' title='bbox 1004 3562 1067 3610; x_wconf 75' lang='lat' dir='ltr'><strong>inne</strong></span> <span class='ocrx_word' id='word_1_633' title='bbox 1082 3564 1124 3600; x_wconf 89' lang='lat' dir='ltr'><strong>me</strong></span> <span class='ocrx_word' id='word_1_634' title='bbox 1140 3551 1251 3609; x_wconf 69' lang='lat' dir='ltr'><strong>Ariieurs</strong></span> <span class='ocrx_word' id='word_1_635' title='bbox 1271 3565 1351 3603; x_wconf 68' lang='lat' dir='ltr'><strong>eausa</strong></span> <span class='ocrx_word' id='word_1_636' title='bbox 1366 3550 1484 3602; x_wconf 82' lang='lat' dir='ltr'><strong>discendi</strong></span> <span class='ocrx_word' id='word_1_637' title='bbox 1500 3552 1677 3618; x_wconf 77' lang='lat' dir='ltr'><strong>recepissem,</strong></span> <span class='ocrx_word' id='word_1_638' title='bbox 1693 3552 1787 3624; x_wconf 74' lang='lat' dir='ltr'><strong>Gatap-</strong></span> 
     </span>
     <span class='ocr_line' id='line_1_76' title="bbox 1002 3617 1788 3689; baseline 0.013 -22"><span class='ocrx_word' id='word_1_639' title='bbox 1002 3617 1106 3669; x_wconf 89' lang='lat' dir='ltr'><strong>medem</strong></span> <span class='ocrx_word' id='word_1_640' title='bbox 1118 3617 1211 3688; x_wconf 78' lang='lat' dir='ltr'><strong>Pyrrln</strong></span> <span class='ocrx_word' id='word_1_641' title='bbox 1223 3618 1361 3673; x_wconf 84' lang='lat' dir='ltr'><strong>dictatoris</strong></span> <span class='ocrx_word' id='word_1_642' title='bbox 1374 3621 1456 3672; x_wconf 90' lang='lat' dir='ltr'><strong>libum</strong></span> <span class='ocrx_word' id='word_1_643' title='bbox 1466 3621 1590 3674; x_wconf 67' lang='lat' dir='ltr'><strong>omnssbus</strong></span> <span class='ocrx_word' id='word_1_644' title='bbox 1601 3624 1735 3689; x_wconf 78' lang='lat' dir='ltr'><strong>pradictus</strong></span> <span class='ocrx_word' id='word_1_645' title='bbox 1749 3629 1788 3676; x_wconf 90' lang='lat' dir='ltr'><strong>ta-</strong></span> 
     </span>
     <span class='ocr_line' id='line_1_77' title="bbox 1002 3684 1785 3758; baseline 0.011 -20"><span class='ocrx_word' id='word_1_646' title='bbox 1002 3684 1140 3741; x_wconf 85' lang='lat' dir='ltr'><strong>boramem</strong></span> <span class='ocrx_word' id='word_1_647' title='bbox 1157 3689 1216 3756; x_wconf 83' lang='lat' dir='ltr'><strong>ira-p</strong></span> <span class='ocrx_word' id='word_1_648' title='bbox 1234 3689 1259 3740; x_wconf 82' lang='lat' dir='ltr'><strong>xi</strong></span> <span class='ocrx_word' id='word_1_649' title='bbox 1274 3729 1281 3752; x_wconf 98' lang='lat'><strong>,</strong></span> <span class='ocrx_word' id='word_1_650' title='bbox 1295 3690 1341 3756; x_wconf 92' lang='lat' dir='ltr'><strong>qui</strong></span> <span class='ocrx_word' id='word_1_651' title='bbox 1353 3690 1512 3758; x_wconf 78' lang='lat' dir='ltr'><strong>quaudoque</strong></span> <span class='ocrx_word' id='word_1_652' title='bbox 1526 3690 1633 3758; x_wconf 85' lang='lat' dir='ltr'><strong>pedulis</strong></span> <span class='ocrx_word' id='word_1_653' title='bbox 1650 3691 1765 3746; x_wconf 90' lang='lat' dir='ltr'><strong>limbatis</strong></span> <span class='ocrx_word' id='word_1_654' title='bbox 1778 3733 1785 3755; x_wconf 87' lang='lat'><strong>,</strong></span> 
     </span>
     <span class='ocr_line' id='line_1_78' title="bbox 1000 3758 1788 3828; baseline 0.014 -22"><span class='ocrx_word' id='word_1_655' title='bbox 1000 3758 1158 3826; x_wconf 81' lang='lat' dir='ltr'><strong>qnanduqu¹</strong></span> <span class='ocrx_word' id='word_1_656' title='bbox 1169 3758 1260 3828; x_wconf 77' lang='lat' dir='ltr'><strong>caligis</strong></span> <span class='ocrx_word' id='word_1_657' title='bbox 1267 3759 1416 3824; x_wconf 86' lang='lat' dir='ltr'><strong>irracnlatis,</strong></span> <span class='ocrx_word' id='word_1_658' title='bbox 1426 3773 1473 3826; x_wconf 93' lang='lat' dir='ltr'><strong>per</strong></span> <span class='ocrx_word' id='word_1_659' title='bbox 1485 3760 1577 3813; x_wconf 86' lang='lat' dir='ltr'><strong>iroram</strong></span> <span class='ocrx_word' id='word_1_660' title='bbox 1591 3761 1708 3815; x_wconf 78' lang='lat' dir='ltr'><strong>cedrinis</strong></span> <span class='ocrx_word' id='word_1_661' title='bbox 1717 3762 1788 3817; x_wconf 87' lang='lat' dir='ltr'><strong>tibiis</strong></span> 
     </span>
     <span class='ocr_line' id='line_1_79' title="bbox 1000 3829 1786 3900; baseline 0.01 -22"><span class='ocrx_word' id='word_1_662' title='bbox 1000 3837 1095 3893; x_wconf 83' lang='lat' dir='ltr'><strong>uatus,</strong></span> <span class='ocrx_word' id='word_1_663' title='bbox 1112 3829 1241 3898; x_wconf 76' lang='lat' dir='ltr'><strong>crudisque</strong></span> <span class='ocrx_word' id='word_1_664' title='bbox 1256 3829 1368 3896; x_wconf 89' lang='lat' dir='ltr'><strong>pedibus</strong></span> <span class='ocrx_word' id='word_1_665' title='bbox 1380 3838 1523 3896; x_wconf 80' lang='lat' dir='ltr'><strong>praecessit,</strong></span> <span class='ocrx_word' id='word_1_666' title='bbox 1536 3832 1745 3900; x_wconf 70' lang='lat' dir='ltr'><strong>ariopagumque</strong></span> <span class='ocrx_word' id='word_1_667' title='bbox 1757 3842 1786 3886; x_wconf 81' lang='lat' dir='ltr'><strong>at</strong></span> 
     </span>
    </p>
   </div>
   <div class='ocr_carea' id='block_1_9' title="bbox 169 3893 1785 3970">
    <p class='ocr_par' dir='ltr' id='par_1_9' title="bbox 169 3893 1785 3970">
     <span class='ocr_line' id='line_1_80' title="bbox 169 3893 1785 3970; baseline 0.003 -20"><span class='ocrx_word' id='word_1_668' title='bbox 169 3898 297 3964; x_wconf 89' lang='lat' dir='ltr'><strong>uonisqno</strong></span> <span class='ocrx_word' id='word_1_669' title='bbox 315 3896 471 3963; x_wconf 86' lang='lat' dir='ltr'><strong>discipulum</strong></span> <span class='ocrx_word' id='word_1_670' title='bbox 492 3903 546 3947; x_wconf 81' lang='lat' dir='ltr'><strong>trita</strong></span> <span class='ocrx_word' id='word_1_671' title='bbox 571 3895 654 3946; x_wconf 87' lang='lat' dir='ltr'><strong>iionra</strong></span> <span class='ocrx_word' id='word_1_672' title='bbox 675 3893 747 3947; x_wconf 85' lang='lat' dir='ltr'><strong>llerit</strong></span> <span class='ocrx_word' id='word_1_673' title='bbox 768 3895 946 3964; x_wconf 66' lang='lat' dir='ltr'><strong>incaseatum,</strong></span> <span class='ocrx_word' id='word_1_674' title='bbox 998 3901 1181 3952; x_wconf 81' lang='lat' dir='ltr'><strong>stonactrams</strong></span> <span class='ocrx_word' id='word_1_675' title='bbox 1196 3899 1317 3968; x_wconf 88' lang='lat' dir='ltr'><strong>impetiit,</strong></span> <span class='ocrx_word' id='word_1_676' title='bbox 1331 3909 1460 3966; x_wconf 84' lang='lat' dir='ltr'><strong>cauteque</strong></span> <span class='ocrx_word' id='word_1_677' title='bbox 1472 3902 1618 3968; x_wconf 75' lang='lat' dir='ltr'><strong>saepissime</strong></span> <span class='ocrx_word' id='word_1_678' title='bbox 1634 3902 1736 3970; x_wconf 76' lang='lat' dir='ltr'><strong>procidi</strong></span> <span class='ocrx_word' id='word_1_679' title='bbox 1750 3918 1785 3956; x_wconf 90' lang='lat' dir='ltr'><strong>ue</strong></span> 
     </span>
    </p>
   </div>
   <div class='ocr_carea' id='block_1_10' title="bbox 167 3965 947 4115">
    <p class='ocr_par' dir='ltr' id='par_1_10' title="bbox 167 3965 947 4115">
     <span class='ocr_line' id='line_1_81' title="bbox 167 3965 947 4035; baseline 0.003 -15"><span class='ocrx_word' id='word_1_680' title='bbox 167 3966 213 4034; x_wconf 89' lang='lat' dir='ltr'><strong>qui</strong></span> <span class='ocrx_word' id='word_1_681' title='bbox 240 3975 327 4020; x_wconf 91' lang='lat' dir='ltr'><strong>tamen</strong></span> <span class='ocrx_word' id='word_1_682' title='bbox 351 3965 508 4019; x_wconf 78' lang='lat' dir='ltr'><strong>clarissimis</strong></span> <span class='ocrx_word' id='word_1_683' title='bbox 525 3979 598 4017; x_wconf 83' lang='lat' dir='ltr'><strong>onus</strong></span> <span class='ocrx_word' id='word_1_684' title='bbox 622 3965 670 4017; x_wconf 92' lang='lat' dir='ltr'><strong>luit</strong></span> <span class='ocrx_word' id='word_1_685' title='bbox 694 3965 844 4031; x_wconf 68' lang='lat' dir='ltr'><strong>cruralibus,</strong></span> <span class='ocrx_word' id='word_1_686' title='bbox 864 3984 947 4035; x_wconf 93' lang='lat' dir='ltr'><strong>quau-</strong></span> 
     </span>
     <span class='ocr_line' id='line_1_82' title="bbox 168 4034 945 4115; baseline 0.003 -25"><span class='ocrx_word' id='word_1_687' title='bbox 168 4042 250 4090; x_wconf 90' lang='lat' dir='ltr'><strong>titatis</strong></span> <span class='ocrx_word' id='word_1_688' title='bbox 270 4052 386 4104; x_wconf 75' lang='lat' dir='ltr'><strong>procerae</strong></span> <span class='ocrx_word' id='word_1_689' title='bbox 410 4047 437 4088; x_wconf 87' lang='lat' dir='ltr'><strong>et</strong></span> <span class='ocrx_word' id='word_1_690' title='bbox 460 4035 613 4104; x_wconf 76' lang='lat' dir='ltr'><strong>sataguiucre</strong></span> <span class='ocrx_word' id='word_1_691' title='bbox 627 4034 791 4115; x_wconf 24' lang='lat' dir='ltr'><strong>‘qus-litatis,</strong></span> <span class='ocrx_word' id='word_1_692' title='bbox 811 4037 885 4091; x_wconf 80' lang='lat' dir='ltr'><strong>inira</strong></span> <span class='ocrx_word' id='word_1_693' title='bbox 900 4041 945 4092; x_wconf 90' lang='lat' dir='ltr'><strong>si·</strong></span> 
     </span>
    </p>
   </div>
   <div class='ocr_carea' id='block_1_11' title="bbox 998 3966 1786 4111">
    <p class='ocr_par' dir='ltr' id='par_1_11' title="bbox 998 3966 1786 4111">
     <span class='ocr_line' id='line_1_83' title="bbox 1000 3966 1785 4040; baseline 0.01 -22"><span class='ocrx_word' id='word_1_694' title='bbox 1000 3966 1063 4019; x_wconf 85' lang='lat' dir='ltr'><strong>milri</strong></span> <span class='ocrx_word' id='word_1_695' title='bbox 1091 3968 1256 4036; x_wconf 74' lang='lat' dir='ltr'><strong>insurgeret,</strong></span> <span class='ocrx_word' id='word_1_696' title='bbox 1271 3971 1332 4038; x_wconf 89' lang='lat' dir='ltr'><strong>quia</strong></span> <span class='ocrx_word' id='word_1_697' title='bbox 1353 3970 1686 4040; x_wconf 64' lang='lat' dir='ltr'><strong>alienigenarumque</strong></span> <span class='ocrx_word' id='word_1_698' title='bbox 1708 3973 1785 4040; x_wconf 81' lang='lat' dir='ltr'><strong>pium</strong></span> 
     </span>
     <span class='ocr_line' id='line_1_84' title="bbox 998 4036 1786 4111; baseline 0.01 -23"><span class='ocrx_word' id='word_1_699' title='bbox 998 4036 1093 4103; x_wconf 88' lang='lat' dir='ltr'><strong>diram,</strong></span> <span class='ocrx_word' id='word_1_700' title='bbox 1108 4038 1141 4091; x_wconf 89' lang='lat' dir='ltr'><strong>ad</strong></span> <span class='ocrx_word' id='word_1_701' title='bbox 1156 4049 1255 4091; x_wconf 90' lang='lat' dir='ltr'><strong>tantam</strong></span> <span class='ocrx_word' id='word_1_702' title='bbox 1270 4041 1330 4093; x_wconf 90' lang='lat' dir='ltr'><strong>iicet</strong></span> <span class='ocrx_word' id='word_1_703' title='bbox 1343 4040 1441 4092; x_wconf 85' lang='lat' dir='ltr'><strong>inritus</strong></span> <span class='ocrx_word' id='word_1_704' title='bbox 1454 4038 1559 4095; x_wconf 85' lang='lat' dir='ltr'><strong>devenit</strong></span> <span class='ocrx_word' id='word_1_705' title='bbox 1571 4040 1697 4107; x_wconf 82' lang='lat' dir='ltr'><strong>inopima,</strong></span> <span class='ocrx_word' id='word_1_706' title='bbox 1713 4045 1786 4111; x_wconf 75' lang='lat' dir='ltr'><strong>apuria</strong></span> 
     </span>
    </p>
   </div>
   <div class='ocr_carea' id='block_1_12' title="bbox 166 4105 1787 4177">
    <p class='ocr_par' dir='ltr' id='par_1_12' title="bbox 166 4105 1787 4177">
     <span class='ocr_line' id='line_1_85' title="bbox 166 4105 1787 4177; baseline 0.002 -17"><span class='ocrx_word' id='word_1_707' title='bbox 166 4107 274 4177; x_wconf 92' lang='lat' dir='ltr'><strong>quidem</strong></span> <span class='ocrx_word' id='word_1_708' title='bbox 296 4106 472 4175; x_wconf 77' lang='lat' dir='ltr'><strong>eloquentia,</strong></span> <span class='ocrx_word' id='word_1_709' title='bbox 489 4106 648 4174; x_wconf 83' lang='lat' dir='ltr'><strong>perspicacis</strong></span> <span class='ocrx_word' id='word_1_710' title='bbox 671 4105 791 4174; x_wconf 78' lang='lat' dir='ltr'><strong>ingenii,</strong></span> <span class='ocrx_word' id='word_1_711' title='bbox 809 4106 855 4160; x_wconf 84' lang='lat' dir='ltr'><strong>od</strong></span> <span class='ocrx_word' id='word_1_712' title='bbox 880 4124 945 4176; x_wconf 90' lang='lat' dir='ltr'><strong>qun·</strong></span> <span class='ocrx_word' id='word_1_713' title='bbox 997 4121 1026 4159; x_wconf 90' lang='lat' dir='ltr'><strong>ea</strong></span> <span class='ocrx_word' id='word_1_714' title='bbox 1042 4125 1075 4174; x_wconf 88' lang='lat' dir='ltr'><strong>qn</strong></span> <span class='ocrx_word' id='word_1_715' title='bbox 1087 4128 1099 4158; x_wconf 87' lang='grc' dir='ltr'><strong>ι·</strong></span> <span class='ocrx_word' id='word_1_716' title='bbox 1113 4110 1186 4177; x_wconf 90' lang='lat' dir='ltr'><strong>prius</strong></span> <span class='ocrx_word' id='word_1_717' title='bbox 1198 4108 1276 4162; x_wconf 89' lang='lat' dir='ltr'><strong>lastid</strong></span> <span class='ocrx_word' id='word_1_718' title='bbox 1288 4110 1358 4163; x_wconf 91' lang='lat' dir='ltr'><strong>endo</strong></span> <span class='ocrx_word' id='word_1_719' title='bbox 1373 4112 1544 4177; x_wconf 80' lang='lat' dir='ltr'><strong>errarempsit,</strong></span> <span class='ocrx_word' id='word_1_720' title='bbox 1556 4110 1708 4164; x_wconf 79' lang='lat' dir='ltr'><strong>utendimns</strong></span> <span class='ocrx_word' id='word_1_721' title='bbox 1723 4127 1787 4166; x_wconf 86' lang='lat' dir='ltr'><strong>cor·</strong></span> 
     </span>
    </p>
   </div>
   <div class='ocr_carea' id='block_1_13' title="bbox 97 4174 946 5436">
    <p class='ocr_par' dir='ltr' id='par_1_13' title="bbox 97 4174 946 5436">
     <span class='ocr_line' id='line_1_86' title="bbox 166 4174 944 4246; baseline 0.004 -16"><span class='ocrx_word' id='word_1_722' title='bbox 166 4176 274 4231; x_wconf 89' lang='lat' dir='ltr'><strong>lidianis</strong></span> <span class='ocrx_word' id='word_1_723' title='bbox 295 4186 322 4231; x_wconf 89' lang='lat' dir='ltr'><strong>et</strong></span> <span class='ocrx_word' id='word_1_724' title='bbox 343 4178 412 4229; x_wconf 87' lang='lat' dir='ltr'><strong>oltra</strong></span> <span class='ocrx_word' id='word_1_725' title='bbox 434 4175 551 4228; x_wconf 88' lang='lat' dir='ltr'><strong>debitum</strong></span> <span class='ocrx_word' id='word_1_726' title='bbox 578 4175 678 4243; x_wconf 87' lang='lat' dir='ltr'><strong>nuptiis</strong></span> <span class='ocrx_word' id='word_1_727' title='bbox 700 4174 804 4244; x_wconf 72' lang='lat' dir='ltr'><strong>qaudeb</strong></span> <span class='ocrx_word' id='word_1_728' title='bbox 823 4186 848 4239; x_wconf 91' lang='lat' dir='ltr'><strong>t,</strong></span> <span class='ocrx_word' id='word_1_729' title='bbox 870 4189 944 4246; x_wconf 81' lang='lat' dir='ltr'><strong>patra</strong></span> 
     </span>
     <span class='ocr_line' id='line_1_87' title="bbox 167 4245 943 4316; baseline 0.001 -14"><span class='ocrx_word' id='word_1_730' title='bbox 167 4261 273 4316; x_wconf 84' lang='lat' dir='ltr'><strong>poerram</strong></span> <span class='ocrx_word' id='word_1_731' title='bbox 287 4245 436 4307; x_wconf 89' lang='lat' dir='ltr'><strong>delereote,</strong></span> <span class='ocrx_word' id='word_1_732' title='bbox 454 4245 642 4312; x_wconf 87' lang='lat' dir='ltr'><strong>patrimonium</strong></span> <span class='ocrx_word' id='word_1_733' title='bbox 659 4245 731 4298; x_wconf 89' lang='lat' dir='ltr'><strong>enim</strong></span> <span class='ocrx_word' id='word_1_734' title='bbox 751 4258 943 4316; x_wconf 86' lang='lat' dir='ltr'><strong>parentunquc</strong></span> 
     </span>
     <span class='ocr_line' id='line_1_88' title="bbox 159 4314 945 4385; baseline 0.003 -15"><span class='ocrx_word' id='word_1_735' title='bbox 159 4333 261 4372; x_wconf 83' lang='lat' dir='ltr'><strong>oeusus</strong></span> <span class='ocrx_word' id='word_1_736' title='bbox 275 4317 366 4371; x_wconf 89' lang='lat' dir='ltr'><strong>illicite</strong></span> <span class='ocrx_word' id='word_1_737' title='bbox 379 4315 562 4379; x_wconf 73' lang='lat' dir='ltr'><strong>cttnsttttteila·‚</strong></span> <span class='ocrx_word' id='word_1_738' title='bbox 574 4314 728 4384; x_wconf 85' lang='lat' dir='ltr'><strong>cunctisque</strong></span> <span class='ocrx_word' id='word_1_739' title='bbox 739 4317 867 4385; x_wconf 80' lang='lat' dir='ltr'><strong>zelotypis</strong></span> <span class='ocrx_word' id='word_1_740' title='bbox 878 4320 945 4372; x_wconf 91' lang='lat' dir='ltr'><strong>emi-</strong></span> 
     </span>
     <span class='ocr_line' id='line_1_89' title="bbox 165 4385 943 4457; baseline 0.004 -18"><span class='ocrx_word' id='word_1_741' title='bbox 165 4388 253 4442; x_wconf 88' lang='lat' dir='ltr'><strong>nebat.</strong></span> <span class='ocrx_word' id='word_1_742' title='bbox 271 4387 344 4440; x_wconf 84' lang='lat' dir='ltr'><strong>liiers</strong></span> <span class='ocrx_word' id='word_1_743' title='bbox 358 4397 448 4440; x_wconf 90' lang='lat' dir='ltr'><strong>autem</strong></span> <span class='ocrx_word' id='word_1_744' title='bbox 469 4393 496 4439; x_wconf 87' lang='lat' dir='ltr'><strong>ct</strong></span> <span class='ocrx_word' id='word_1_745' title='bbox 517 4385 686 4440; x_wconf 81' lang='lat' dir='ltr'><strong>trit-retricum</strong></span> <span class='ocrx_word' id='word_1_746' title='bbox 712 4386 816 4439; x_wconf 87' lang='lat' dir='ltr'><strong>cellulis</strong></span> <span class='ocrx_word' id='word_1_747' title='bbox 837 4401 943 4457; x_wconf 90' lang='lat' dir='ltr'><strong>semper</strong></span> 
     </span>
     <span class='ocr_line' id='line_1_90' title="bbox 162 4454 941 4526; baseline 0 -15"><span class='ocrx_word' id='word_1_748' title='bbox 162 4457 293 4511; x_wconf 80' lang='lat' dir='ltr'><strong>initiabat.</strong></span> <span class='ocrx_word' id='word_1_749' title='bbox 310 4457 420 4524; x_wconf 86' lang='lat' dir='ltr'><strong>l‘roprio</strong></span> <span class='ocrx_word' id='word_1_750' title='bbox 434 4466 522 4508; x_wconf 90' lang='lat' dir='ltr'><strong>antem</strong></span> <span class='ocrx_word' id='word_1_751' title='bbox 539 4454 625 4507; x_wconf 87' lang='lat' dir='ltr'><strong>adbuc</strong></span> <span class='ocrx_word' id='word_1_752' title='bbox 644 4469 696 4508; x_wconf 84' lang='lat' dir='ltr'><strong>raon</strong></span> <span class='ocrx_word' id='word_1_753' title='bbox 717 4454 861 4510; x_wconf 87' lang='lat' dir='ltr'><strong>destitutus</strong></span> <span class='ocrx_word' id='word_1_754' title='bbox 879 4473 941 4526; x_wconf 89' lang='lat' dir='ltr'><strong>pru·</strong></span> 
     </span>
     <span class='ocr_line' id='line_1_91' title="bbox 161 4525 942 4596; baseline 0.001 -15"><span class='ocrx_word' id='word_1_755' title='bbox 161 4531 227 4596; x_wconf 81' lang='lat' dir='ltr'><strong>ritu,</strong></span> <span class='ocrx_word' id='word_1_756' title='bbox 242 4536 333 4596; x_wconf 88' lang='lat' dir='ltr'><strong>postea</strong></span> <span class='ocrx_word' id='word_1_757' title='bbox 349 4543 363 4579; x_wconf 88' lang='lat' dir='ltr'><strong>a</strong></span> <span class='ocrx_word' id='word_1_758' title='bbox 379 4526 534 4594; x_wconf 75' lang='lat' dir='ltr'><strong>parentibus</strong></span> <span class='ocrx_word' id='word_1_759' title='bbox 548 4527 664 4591; x_wconf 79' lang='lat' dir='ltr'><strong>ciectus,</strong></span> <span class='ocrx_word' id='word_1_760' title='bbox 680 4525 785 4579; x_wconf 90' lang='lat' dir='ltr'><strong>tandem</strong></span> <span class='ocrx_word' id='word_1_761' title='bbox 804 4525 838 4578; x_wconf 91' lang='lat' dir='ltr'><strong>ab</strong></span> <span class='ocrx_word' id='word_1_762' title='bbox 849 4528 942 4581; x_wconf 92' lang='lat' dir='ltr'><strong>amicis</strong></span> 
     </span>
     <span class='ocr_line' id='line_1_92' title="bbox 164 4594 946 4664; baseline -0.003 -12"><span class='ocrx_word' id='word_1_763' title='bbox 164 4608 191 4652; x_wconf 92' lang='lat' dir='ltr'><strong>et</strong></span> <span class='ocrx_word' id='word_1_764' title='bbox 201 4597 373 4652; x_wconf 86' lang='lat' dir='ltr'><strong>coiisortibus</strong></span> <span class='ocrx_word' id='word_1_765' title='bbox 386 4596 545 4656; x_wconf 87' lang='lat' dir='ltr'><strong>destitutus,</strong></span> <span class='ocrx_word' id='word_1_766' title='bbox 560 4609 574 4646; x_wconf 89' lang='lat' dir='ltr'><strong>a</strong></span> <span class='ocrx_word' id='word_1_767' title='bbox 588 4594 764 4648; x_wconf 87' lang='lat' dir='ltr'><strong>creditoribus</strong></span> <span class='ocrx_word' id='word_1_768' title='bbox 780 4596 895 4664; x_wconf 90' lang='lat' dir='ltr'><strong>undiquc</strong></span> <span class='ocrx_word' id='word_1_769' title='bbox 907 4597 946 4650; x_wconf 92' lang='lat' dir='ltr'><strong>la·</strong></span> 
     </span>
     <span class='ocr_line' id='line_1_93' title="bbox 164 4663 945 4737; baseline 0 -17"><span class='ocrx_word' id='word_1_770' title='bbox 164 4669 271 4737; x_wconf 73' lang='lat' dir='ltr'><strong>tigatus,</strong></span> <span class='ocrx_word' id='word_1_771' title='bbox 285 4673 354 4721; x_wconf 83' lang='lat' dir='ltr'><strong>aroris</strong></span> <span class='ocrx_word' id='word_1_772' title='bbox 367 4676 394 4720; x_wconf 88' lang='lat' dir='ltr'><strong>et</strong></span> <span class='ocrx_word' id='word_1_773' title='bbox 410 4665 507 4735; x_wconf 73' lang='lat' dir='ltr'><strong>ignotis</strong></span> <span class='ocrx_word' id='word_1_774' title='bbox 518 4665 607 4718; x_wconf 71' lang='lat' dir='ltr'><strong>lomim</strong></span> <span class='ocrx_word' id='word_1_775' title='bbox 619 4663 721 4718; x_wconf 87' lang='lat' dir='ltr'><strong>studuit</strong></span> <span class='ocrx_word' id='word_1_776' title='bbox 735 4666 873 4730; x_wconf 88' lang='lat' dir='ltr'><strong>assistere,</strong></span> <span class='ocrx_word' id='word_1_777' title='bbox 884 4682 945 4720; x_wconf 90' lang='lat' dir='ltr'><strong>eru-</strong></span> 
     </span>
     <span class='ocr_line' id='line_1_94' title="bbox 162 4733 946 4804; baseline -0.001 -13"><span class='ocrx_word' id='word_1_778' title='bbox 162 4738 201 4791; x_wconf 92' lang='lat' dir='ltr'><strong>cis</strong></span> <span class='ocrx_word' id='word_1_779' title='bbox 216 4739 249 4791; x_wconf 91' lang='lat' dir='ltr'><strong>ab</strong></span> <span class='ocrx_word' id='word_1_780' title='bbox 262 4736 389 4804; x_wconf 76' lang='lat' dir='ltr'><strong>arrqnstiis</strong></span> <span class='ocrx_word' id='word_1_781' title='bbox 398 4751 412 4787; x_wconf 92' lang='lat' dir='ltr'><strong>a</strong></span> <span class='ocrx_word' id='word_1_782' title='bbox 422 4746 496 4804; x_wconf 84' lang='lat' dir='ltr'><strong>patre</strong></span> <span class='ocrx_word' id='word_1_783' title='bbox 509 4734 671 4789; x_wconf 85' lang='lat' dir='ltr'><strong>creberrime</strong></span> <span class='ocrx_word' id='word_1_784' title='bbox 685 4733 846 4804; x_wconf 91' lang='lat' dir='ltr'><strong>redemptus,</strong></span> <span class='ocrx_word' id='word_1_785' title='bbox 855 4733 946 4790; x_wconf 89' lang='lat' dir='ltr'><strong>uilimo</strong></span> 
     </span>
     <span class='ocr_line' id='line_1_95' title="bbox 163 4804 946 4876; baseline 0.001 -17"><span class='ocrx_word' id='word_1_786' title='bbox 163 4818 251 4860; x_wconf 79' lang='lat' dir='ltr'><strong>tanuen</strong></span> <span class='ocrx_word' id='word_1_787' title='bbox 264 4808 381 4876; x_wconf 71' lang='lat' dir='ltr'><strong>parenni</strong></span> <span class='ocrx_word' id='word_1_788' title='bbox 395 4805 504 4872; x_wconf 85' lang='lat' dir='ltr'><strong>pecuaria</strong></span> <span class='ocrx_word' id='word_1_789' title='bbox 515 4805 609 4858; x_wconf 92' lang='lat' dir='ltr'><strong>redimi</strong></span> <span class='ocrx_word' id='word_1_790' title='bbox 621 4819 673 4858; x_wconf 89' lang='lat' dir='ltr'><strong>noo</strong></span> <span class='ocrx_word' id='word_1_791' title='bbox 687 4804 781 4872; x_wconf 90' lang='lat' dir='ltr'><strong>potuit.</strong></span> <span class='ocrx_word' id='word_1_792' title='bbox 791 4804 869 4859; x_wconf 76' lang='lat' dir='ltr'><strong>Cruci</strong></span> <span class='ocrx_word' id='word_1_793' title='bbox 883 4821 946 4875; x_wconf 68' lang='lat' dir='ltr'><strong>ergo</strong></span> 
     </span>
     <span class='ocr_line' id='line_1_96' title="bbox 162 4874 944 4945; baseline 0.004 -20"><span class='ocrx_word' id='word_1_794' title='bbox 162 4878 292 4931; x_wconf 86' lang='lat' dir='ltr'><strong>adductus</strong></span> <span class='ocrx_word' id='word_1_795' title='bbox 301 4874 424 4930; x_wconf 87' lang='lat' dir='ltr'><strong>eurridem</strong></span> <span class='ocrx_word' id='word_1_796' title='bbox 434 4874 467 4927; x_wconf 90' lang='lat' dir='ltr'><strong>ad</strong></span> <span class='ocrx_word' id='word_1_797' title='bbox 479 4888 508 4928; x_wconf 89' lang='lat' dir='ltr'><strong>se</strong></span> <span class='ocrx_word' id='word_1_798' title='bbox 521 4880 612 4929; x_wconf 81' lang='lat' dir='ltr'><strong>venire</strong></span> <span class='ocrx_word' id='word_1_799' title='bbox 621 4875 944 4945; x_wconf 77' lang='lat' dir='ltr'><strong>lacrymiscompellebat,</strong></span> 
     </span>
     <span class='ocr_line' id='line_1_97' title="bbox 161 4945 944 5016; baseline 0.003 -18"><span class='ocrx_word' id='word_1_800' title='bbox 161 4948 335 5016; x_wconf 86' lang='lat' dir='ltr'><strong>osculumque</strong></span> <span class='ocrx_word' id='word_1_801' title='bbox 362 4945 551 5014; x_wconf 81' lang='lat' dir='ltr'><strong>aoceqoerula</strong></span> <span class='ocrx_word' id='word_1_802' title='bbox 580 4945 696 5014; x_wconf 81' lang='lat' dir='ltr'><strong>petebat.</strong></span> <span class='ocrx_word' id='word_1_803' title='bbox 722 4945 832 4999; x_wconf 80' lang='lat' dir='ltr'><strong>Pietatis</strong></span> <span class='ocrx_word' id='word_1_804' title='bbox 856 4957 944 5000; x_wconf 93' lang='lat' dir='ltr'><strong>antem</strong></span> 
     </span>
     <span class='ocr_line' id='line_1_98' title="bbox 162 5016 945 5085; baseline 0.004 -17"><span class='ocrx_word' id='word_1_805' title='bbox 162 5018 245 5070; x_wconf 86' lang='lat' dir='ltr'><strong>irrotio</strong></span> <span class='ocrx_word' id='word_1_806' title='bbox 265 5022 297 5068; x_wconf 90' lang='lat' dir='ltr'><strong>ad</strong></span> <span class='ocrx_word' id='word_1_807' title='bbox 315 5016 359 5068; x_wconf 89' lang='lat' dir='ltr'><strong>lilii</strong></span> <span class='ocrx_word' id='word_1_808' title='bbox 385 5017 540 5085; x_wconf 88' lang='lat' dir='ltr'><strong>pelitmriem</strong></span> <span class='ocrx_word' id='word_1_809' title='bbox 562 5025 665 5084; x_wconf 90' lang='lat' dir='ltr'><strong>patrem</strong></span> <span class='ocrx_word' id='word_1_810' title='bbox 688 5017 783 5076; x_wconf 85' lang='lat' dir='ltr'><strong>crearit,</strong></span> <span class='ocrx_word' id='word_1_811' title='bbox 808 5017 945 5084; x_wconf 85' lang='lat' dir='ltr'><strong>erectique</strong></span> 
     </span>
     <span class='ocr_line' id='line_1_99' title="bbox 163 5083 945 5149; baseline 0.003 -11"><span class='ocrx_word' id='word_1_812' title='bbox 163 5085 231 5139; x_wconf 85' lang='lat' dir='ltr'><strong>lilius</strong></span> <span class='ocrx_word' id='word_1_813' title='bbox 242 5101 337 5140; x_wconf 89' lang='lat' dir='ltr'><strong>nasum</strong></span> <span class='ocrx_word' id='word_1_814' title='bbox 354 5100 443 5141; x_wconf 91' lang='lat' dir='ltr'><strong>morsu</strong></span> <span class='ocrx_word' id='word_1_815' title='bbox 459 5085 544 5139; x_wconf 89' lang='lat' dir='ltr'><strong>secuit</strong></span> <span class='ocrx_word' id='word_1_816' title='bbox 558 5085 714 5139; x_wconf 89' lang='lat' dir='ltr'><strong>acutissimo</strong></span> <span class='ocrx_word' id='word_1_817' title='bbox 728 5083 821 5137; x_wconf 84' lang='lat' dir='ltr'><strong>diceus</strong></span> <span class='ocrx_word' id='word_1_818' title='bbox 835 5101 842 5134; x_wconf 80' lang='lat' dir='ltr'>z</span> <span class='ocrx_word' id='word_1_819' title='bbox 858 5085 945 5149; x_wconf 83' lang='lat' dir='ltr'><strong>Quare</strong></span> 
     </span>
     <span class='ocr_line' id='line_1_100' title="bbox 159 5152 941 5223; baseline -0.003 -13"><span class='ocrx_word' id='word_1_820' title='bbox 159 5172 173 5207; x_wconf 91' lang='lat' dir='ltr'><strong>a</strong></span> <span class='ocrx_word' id='word_1_821' title='bbox 191 5157 258 5212; x_wconf 88' lang='lat' dir='ltr'><strong>meis</strong></span> <span class='ocrx_word' id='word_1_822' title='bbox 280 5158 372 5220; x_wconf 83' lang='lat' dir='ltr'><strong>primis</strong></span> <span class='ocrx_word' id='word_1_823' title='bbox 386 5156 524 5210; x_wconf 85' lang='lat' dir='ltr'><strong>erroribus</strong></span> <span class='ocrx_word' id='word_1_824' title='bbox 547 5153 726 5221; x_wconf 73' lang='lat' dir='ltr'><strong>incastigatos¹</strong></span> <span class='ocrx_word' id='word_1_825' title='bbox 738 5154 828 5206; x_wconf 85' lang='lat' dir='ltr'><strong>erasi?</strong></span> <span class='ocrx_word' id='word_1_826' title='bbox 844 5152 941 5223; x_wconf 89' lang='lat' dir='ltr'><strong>thuid</strong></span> 
     </span>
     <span class='ocr_line' id='line_1_101' title="bbox 161 5223 943 5295; baseline -0.001 -17"><span class='ocrx_word' id='word_1_827' title='bbox 161 5225 280 5295; x_wconf 71' lang='lat' dir='ltr'><strong>inagistri</strong></span> <span class='ocrx_word' id='word_1_828' title='bbox 303 5225 355 5280; x_wconf 91' lang='lat' dir='ltr'><strong>mei</strong></span> <span class='ocrx_word' id='word_1_829' title='bbox 378 5227 547 5280; x_wconf 86' lang='lat' dir='ltr'><strong>documentis</strong></span> <span class='ocrx_word' id='word_1_830' title='bbox 571 5238 623 5278; x_wconf 88' lang='lat' dir='ltr'><strong>arou</strong></span> <span class='ocrx_word' id='word_1_831' title='bbox 649 5223 777 5286; x_wconf 85' lang='lat' dir='ltr'><strong>obediri,</strong></span> <span class='ocrx_word' id='word_1_832' title='bbox 804 5227 943 5294; x_wconf 88' lang='lat' dir='ltr'><strong>sociosque</strong></span> 
     </span>
     <span class='ocr_line' id='line_1_102' title="bbox 161 5294 942 5365; baseline 0 -17"><span class='ocrx_word' id='word_1_833' title='bbox 161 5311 235 5349; x_wconf 80' lang='lat' dir='ltr'><strong>aureos</strong></span> <span class='ocrx_word' id='word_1_834' title='bbox 247 5295 415 5365; x_wconf 74' lang='lat' dir='ltr'><strong>contempsi?</strong></span> <span class='ocrx_word' id='word_1_835' title='bbox 434 5294 493 5348; x_wconf 80' lang='lat' dir='ltr'><strong>Filii</strong></span> <span class='ocrx_word' id='word_1_836' title='bbox 510 5302 613 5362; x_wconf 90' lang='lat' dir='ltr'><strong>patrem</strong></span> <span class='ocrx_word' id='word_1_837' title='bbox 627 5307 737 5347; x_wconf 77' lang='lat' dir='ltr'><strong>necesse</strong></span> <span class='ocrx_word' id='word_1_838' title='bbox 752 5304 793 5347; x_wconf 86' lang='lat' dir='ltr'><strong>est</strong></span> <span class='ocrx_word' id='word_1_839' title='bbox 805 5295 942 5364; x_wconf 78' lang='lat' dir='ltr'><strong>indulgere</strong></span> 
     </span>
     <span class='ocr_line' id='line_1_103' title="bbox 97 5363 942 5436; baseline -0.006 -14"><span class='ocrx_word' id='word_1_840' title='bbox 97 5419 99 5422; x_wconf 77' lang='grc'>,</span> <span class='ocrx_word' id='word_1_841' title='bbox 158 5366 347 5436; x_wconf 75' lang='lat' dir='ltr'><strong>casligatioui,</strong></span> <span class='ocrx_word' id='word_1_842' title='bbox 369 5364 576 5434; x_wconf 73' lang='lat' dir='ltr'><strong>magistrumque</strong></span> <span class='ocrx_word' id='word_1_843' title='bbox 595 5363 717 5432; x_wconf 92' lang='lat' dir='ltr'><strong>discipuli</strong></span> <span class='ocrx_word' id='word_1_844' title='bbox 744 5378 832 5417; x_wconf 86' lang='lat' dir='ltr'><strong>mores</strong></span> <span class='ocrx_word' id='word_1_845' title='bbox 860 5365 942 5418; x_wconf 86' lang='lat' dir='ltr'><strong>iiiior-</strong></span> 
     </span>
    </p>
   </div>
   <div class='ocr_carea' id='block_1_14' title="bbox 997 4177 1786 4302">
    <p class='ocr_par' dir='ltr' id='par_1_14' title="bbox 997 4177 1786 4302">
     <span class='ocr_line' id='line_1_104' title="bbox 997 4177 1786 4252; baseline 0.008 -24"><span class='ocrx_word' id='word_1_846' title='bbox 997 4177 1115 4246; x_wconf 77' lang='lat' dir='ltr'><strong>ropaodo</strong></span> <span class='ocrx_word' id='word_1_847' title='bbox 1127 4182 1318 4247; x_wconf 80' lang='lat' dir='ltr'><strong>crrruposuern,</strong></span> <span class='ocrx_word' id='word_1_848' title='bbox 1331 4181 1443 4233; x_wconf 84' lang='lat' dir='ltr'><strong>lorturrae</strong></span> <span class='ocrx_word' id='word_1_849' title='bbox 1457 4192 1545 4235; x_wconf 89' lang='lat' dir='ltr'><strong>meatu</strong></span> <span class='ocrx_word' id='word_1_850' title='bbox 1559 4188 1717 4252; x_wconf 85' lang='lat' dir='ltr'><strong>perarmato.</strong></span> <span class='ocrx_word' id='word_1_851' title='bbox 1727 4179 1786 4238; x_wconf 88' lang='lat' dir='ltr'><strong>Sed</strong></span> 
     </span>
     <span class='ocr_line' id='line_1_105' title="bbox 997 4248 1430 4302; baseline 0.014 -6"><span class='ocrx_word' id='word_1_852' title='bbox 997 4249 1053 4300; x_wconf 74' lang='lat' dir='ltr'><strong>liare</strong></span> <span class='ocrx_word' id='word_1_853' title='bbox 1069 4248 1086 4299; x_wconf 93' lang='lat' dir='ltr'><strong>b</strong></span> <span class='ocrx_word' id='word_1_854' title='bbox 1104 4258 1197 4302; x_wconf 79' lang='lat' dir='ltr'><strong>limatas</strong></span> <span class='ocrx_word' id='word_1_855' title='bbox 1210 4248 1430 4302; x_wconf 73' lang='lat' dir='ltr'><strong>dir-rosullniant.</strong></span> 
     </span>
    </p>
   </div>
   <div class='ocr_carea' id='block_1_15' title="bbox 1028 4357 1785 4519">
    <p class='ocr_par' dir='ltr' id='par_1_15' title="bbox 1028 4357 1785 4519">
     <span class='ocr_line' id='line_1_106' title="bbox 1304 4357 1473 4412; baseline -0.012 0"><span class='ocrx_word' id='word_1_856' title='bbox 1304 4357 1416 4412; x_wconf 77' lang='lat' dir='ltr'><strong>carol</strong></span> <span class='ocrx_word' id='word_1_857' title='bbox 1431 4357 1473 4412; x_wconf 79' lang='lat' dir='ltr'><strong>tit.</strong></span> 
     </span>
     <span class='ocr_line' id='line_1_107' title="bbox 1028 4449 1785 4519; baseline 0.004 -15"><span class='ocrx_word' id='word_1_858' title='bbox 1028 4450 1093 4504; x_wconf 71' lang='lat' dir='ltr'><strong>llum</strong></span> <span class='ocrx_word' id='word_1_859' title='bbox 1107 4461 1195 4504; x_wconf 82' lang='lat' dir='ltr'><strong>atatem</strong></span> <span class='ocrx_word' id='word_1_860' title='bbox 1211 4451 1357 4517; x_wconf 87' lang='lat' dir='ltr'><strong>discipulus</strong></span> <span class='ocrx_word' id='word_1_861' title='bbox 1368 4450 1400 4503; x_wconf 90' lang='lat' dir='ltr'><strong>ad</strong></span> <span class='ocrx_word' id='word_1_862' title='bbox 1416 4449 1608 4519; x_wconf 85' lang='lat' dir='ltr'><strong>perlectionem</strong></span> <span class='ocrx_word' id='word_1_863' title='bbox 1619 4449 1732 4506; x_wconf 85' lang='lat' dir='ltr'><strong>tendere</strong></span> <span class='ocrx_word' id='word_1_864' title='bbox 1745 4462 1785 4507; x_wconf 89' lang='lat' dir='ltr'><strong>te·</strong></span> 
     </span>
    </p>
   </div>
   <div class='ocr_carea' id='block_1_16' title="bbox 958 4500 1785 4590">
    <p class='ocr_par' dir='ltr' id='par_1_16' title="bbox 958 4500 1785 4590">
     <span class='ocr_line' id='line_1_108' title="bbox 958 4500 1785 4590; baseline 0.001 -16"><span class='ocrx_word' id='word_1_865' title='bbox 958 4500 980 4559; x_wconf 75' lang='lat' dir='ltr'><strong>D</strong></span> <span class='ocrx_word' id='word_1_866' title='bbox 997 4533 1102 4584; x_wconf 81' lang='lat' dir='ltr'><strong>stratur,</strong></span> <span class='ocrx_word' id='word_1_867' title='bbox 1118 4520 1265 4575; x_wconf 71' lang='lat' dir='ltr'><strong>effectivum</strong></span> <span class='ocrx_word' id='word_1_868' title='bbox 1280 4535 1388 4574; x_wconf 71' lang='lat' dir='ltr'><strong>carosam</strong></span> <span class='ocrx_word' id='word_1_869' title='bbox 1404 4521 1587 4588; x_wconf 79' lang='lat' dir='ltr'><strong>perlectionis,</strong></span> <span class='ocrx_word' id='word_1_870' title='bbox 1604 4530 1631 4574; x_wconf 90' lang='lat' dir='ltr'><strong>ut</strong></span> <span class='ocrx_word' id='word_1_871' title='bbox 1643 4533 1705 4590; x_wconf 76' lang='lat' dir='ltr'><strong>pite</strong></span> <span class='ocrx_word' id='word_1_872' title='bbox 1719 4536 1785 4575; x_wconf 84' lang='lat' dir='ltr'><strong>eriri·</strong></span> 
     </span>
    </p>
   </div>
   <div class='ocr_carea' id='block_1_17' title="bbox 995 4589 1806 5428">
    <p class='ocr_par' dir='ltr' id='par_1_17' title="bbox 995 4589 1806 5428">
     <span class='ocr_line' id='line_1_109' title="bbox 999 4589 1785 4658; baseline 0.004 -16"><span class='ocrx_word' id='word_1_873' title='bbox 999 4592 1055 4643; x_wconf 89' lang='lat' dir='ltr'><strong>tinu</strong></span> <span class='ocrx_word' id='word_1_874' title='bbox 1068 4592 1129 4644; x_wconf 90' lang='lat' dir='ltr'><strong>tatis</strong></span> <span class='ocrx_word' id='word_1_875' title='bbox 1141 4593 1327 4655; x_wconf 87' lang='lat' dir='ltr'><strong>coristantiam,</strong></span> <span class='ocrx_word' id='word_1_876' title='bbox 1344 4605 1419 4654; x_wconf 74' lang='lat' dir='ltr'><strong>imm</strong></span> <span class='ocrx_word' id='word_1_877' title='bbox 1436 4589 1547 4644; x_wconf 81' lang='lat' dir='ltr'><strong>incultas</strong></span> <span class='ocrx_word' id='word_1_878' title='bbox 1560 4594 1785 4658; x_wconf 58' lang='lat' dir='ltr'><strong>suippe-tietmari</strong></span> 
     </span>
     <span class='ocr_line' id='line_1_110' title="bbox 997 4660 1784 4730; baseline 0 -16"><span class='ocrx_word' id='word_1_879' title='bbox 997 4661 1152 4714; x_wconf 90' lang='lat' dir='ltr'><strong>dinoscatur</strong></span> <span class='ocrx_word' id='word_1_880' title='bbox 1165 4664 1326 4729; x_wconf 89' lang='lat' dir='ltr'><strong>impriruere.</strong></span> <span class='ocrx_word' id='word_1_881' title='bbox 1339 4663 1405 4727; x_wconf 75' lang='lat' dir='ltr'><strong>Quid</strong></span> <span class='ocrx_word' id='word_1_882' title='bbox 1418 4661 1489 4714; x_wconf 91' lang='lat' dir='ltr'><strong>cuim</strong></span> <span class='ocrx_word' id='word_1_883' title='bbox 1502 4663 1527 4714; x_wconf 91' lang='lat' dir='ltr'><strong>iu</strong></span> <span class='ocrx_word' id='word_1_884' title='bbox 1539 4660 1691 4714; x_wconf 86' lang='lat' dir='ltr'><strong>dilectionis</strong></span> <span class='ocrx_word' id='word_1_885' title='bbox 1703 4676 1784 4730; x_wconf 85' lang='lat' dir='ltr'><strong>opos·</strong></span> 
     </span>
     <span class='ocr_line' id='line_1_111' title="bbox 998 4729 1785 4800; baseline 0.001 -16"><span class='ocrx_word' id='word_1_886' title='bbox 998 4730 1057 4784; x_wconf 89' lang='lat' dir='ltr'><strong>culo</strong></span> <span class='ocrx_word' id='word_1_887' title='bbox 1071 4731 1183 4786; x_wconf 85' lang='lat' dir='ltr'><strong>lucidius</strong></span> <span class='ocrx_word' id='word_1_888' title='bbox 1195 4734 1356 4793; x_wconf 82' lang='lat' dir='ltr'><strong>cerastarum,</strong></span> <span class='ocrx_word' id='word_1_889' title='bbox 1372 4731 1435 4797; x_wconf 91' lang='lat' dir='ltr'><strong>quid</strong></span> <span class='ocrx_word' id='word_1_890' title='bbox 1453 4729 1631 4784; x_wconf 80' lang='lat' dir='ltr'><strong>rucoarstantia</strong></span> <span class='ocrx_word' id='word_1_891' title='bbox 1648 4731 1785 4800; x_wconf 52' lang='lat' dir='ltr'><strong>aequiust</strong></span> 
     </span>
     <span class='ocr_line' id='line_1_112' title="bbox 999 4800 1784 4870; baseline 0.001 -17"><span class='ocrx_word' id='word_1_892' title='bbox 999 4800 1084 4868; x_wconf 91' lang='lat' dir='ltr'><strong>prima</strong></span> <span class='ocrx_word' id='word_1_893' title='bbox 1114 4803 1199 4869; x_wconf 80' lang='lat' dir='ltr'><strong>parit,</strong></span> <span class='ocrx_word' id='word_1_894' title='bbox 1218 4802 1334 4854; x_wconf 82' lang='lat' dir='ltr'><strong>sectanda</strong></span> <span class='ocrx_word' id='word_1_895' title='bbox 1353 4814 1425 4868; x_wconf 88' lang='lat' dir='ltr'><strong>parta</strong></span> <span class='ocrx_word' id='word_1_896' title='bbox 1450 4801 1588 4862; x_wconf 84' lang='lat' dir='ltr'><strong>dissolrt;</strong></span> <span class='ocrx_word' id='word_1_897' title='bbox 1613 4800 1700 4868; x_wconf 79' lang='lat' dir='ltr'><strong>prlrna</strong></span> <span class='ocrx_word' id='word_1_898' title='bbox 1723 4816 1784 4870; x_wconf 92' lang='lat' dir='ltr'><strong>pro·</strong></span> 
     </span>
     <span class='ocr_line' id='line_1_113' title="bbox 998 4869 1783 4940; baseline 0.005 -20"><span class='ocrx_word' id='word_1_899' title='bbox 998 4872 1089 4930; x_wconf 78' lang='lat' dir='ltr'><strong>redit,</strong></span> <span class='ocrx_word' id='word_1_900' title='bbox 1107 4873 1222 4924; x_wconf 64' lang='lat' dir='ltr'><strong>rectruda</strong></span> <span class='ocrx_word' id='word_1_901' title='bbox 1239 4872 1398 4936; x_wconf 87' lang='lat' dir='ltr'><strong>retr.·cedit;</strong></span> <span class='ocrx_word' id='word_1_902' title='bbox 1424 4872 1506 4938; x_wconf 84' lang='lat' dir='ltr'><strong>prima</strong></span> <span class='ocrx_word' id='word_1_903' title='bbox 1522 4869 1643 4940; x_wconf 75' lang='lat' dir='ltr'><strong>colligit,</strong></span> <span class='ocrx_word' id='word_1_904' title='bbox 1663 4872 1783 4924; x_wconf 79' lang='lat' dir='ltr'><strong>secitrma</strong></span> 
     </span>
     <span class='ocr_line' id='line_1_114' title="bbox 999 4939 1785 5009; baseline 0.004 -17"><span class='ocrx_word' id='word_1_905' title='bbox 999 4944 1109 4994; x_wconf 83' lang='lat' dir='ltr'><strong>collecta</strong></span> <span class='ocrx_word' id='word_1_906' title='bbox 1127 4941 1264 5009; x_wconf 81' lang='lat' dir='ltr'><strong>dispergit.</strong></span> <span class='ocrx_word' id='word_1_907' title='bbox 1283 4939 1463 4994; x_wconf 79' lang='lat' dir='ltr'><strong>causantem</strong></span> <span class='ocrx_word' id='word_1_908' title='bbox 1483 4940 1632 5008; x_wconf 74' lang='lat' dir='ltr'><strong>gyrriiiasiis</strong></span> <span class='ocrx_word' id='word_1_909' title='bbox 1656 4942 1785 4995; x_wconf 81' lang='lat' dir='ltr'><strong>insudare</strong></span> 
     </span>
     <span class='ocr_line' id='line_1_115' title="bbox 999 5008 1786 5080; baseline -0.003 -16"><span class='ocrx_word' id='word_1_910' title='bbox 999 5011 1222 5071; x_wconf 83' lang='lat' dir='ltr'><strong>decrevissemus,</strong></span> <span class='ocrx_word' id='word_1_911' title='bbox 1240 5011 1462 5080; x_wconf 74' lang='lat' dir='ltr'><strong>titagistratusque</strong></span> <span class='ocrx_word' id='word_1_912' title='bbox 1478 5012 1561 5064; x_wconf 76' lang='lat' dir='ltr'><strong>ricem</strong></span> <span class='ocrx_word' id='word_1_913' title='bbox 1580 5008 1691 5078; x_wconf 78' lang='lat' dir='ltr'><strong>dignam</strong></span> <span class='ocrx_word' id='word_1_914' title='bbox 1705 5012 1786 5065; x_wconf 73' lang='lat' dir='ltr'><strong>durii·</strong></span> 
     </span>
     <span class='ocr_line' id='line_1_116' title="bbox 999 5079 1786 5145; baseline 0.001 -14"><span class='ocrx_word' id='word_1_915' title='bbox 999 5097 1057 5132; x_wconf 83' lang='lat' dir='ltr'><strong>titiis</strong></span> <span class='ocrx_word' id='word_1_916' title='bbox 1068 5080 1199 5145; x_wconf 86' lang='lat' dir='ltr'><strong>obtinere,</strong></span> <span class='ocrx_word' id='word_1_917' title='bbox 1210 5079 1292 5133; x_wconf 86' lang='lat' dir='ltr'><strong>silium</strong></span> <span class='ocrx_word' id='word_1_918' title='bbox 1309 5081 1470 5133; x_wconf 75' lang='lat' dir='ltr'><strong>inconstanti</strong></span> <span class='ocrx_word' id='word_1_919' title='bbox 1481 5098 1514 5143; x_wconf 84' lang='lat' dir='ltr'><strong>r,</strong></span> <span class='ocrx_word' id='word_1_920' title='bbox 1528 5079 1582 5132; x_wconf 89' lang='lat' dir='ltr'><strong>imo</strong></span> <span class='ocrx_word' id='word_1_921' title='bbox 1595 5091 1625 5132; x_wconf 87' lang='lat' dir='ltr'><strong>ut</strong></span> <span class='ocrx_word' id='word_1_922' title='bbox 1638 5080 1730 5136; x_wconf 75' lang='lat' dir='ltr'><strong>mritis</strong></span> <span class='ocrx_word' id='word_1_923' title='bbox 1743 5081 1786 5132; x_wconf 88' lang='lat' dir='ltr'><strong>di·</strong></span> 
     </span>
     <span class='ocr_line' id='line_1_117' title="bbox 997 5149 1806 5220; baseline 0.004 -19"><span class='ocrx_word' id='word_1_924' title='bbox 997 5165 1056 5202; x_wconf 88' lang='lat' dir='ltr'><strong>carn</strong></span> <span class='ocrx_word' id='word_1_925' title='bbox 1084 5151 1225 5219; x_wconf 88' lang='lat' dir='ltr'><strong>ipsammet</strong></span> <span class='ocrx_word' id='word_1_926' title='bbox 1247 5154 1462 5212; x_wconf 84' lang='lat' dir='ltr'><strong>iriconstamiam,</strong></span> <span class='ocrx_word' id='word_1_927' title='bbox 1480 5149 1584 5201; x_wconf 77' lang='lat' dir='ltr'><strong>lirrtuua</strong></span> <span class='ocrx_word' id='word_1_928' title='bbox 1601 5151 1703 5220; x_wconf 73' lang='lat' dir='ltr'><strong>rosiris</strong></span> <span class='ocrx_word' id='word_1_929' title='bbox 1716 5151 1786 5204; x_wconf 80' lang='lat' dir='ltr'><strong>assi·</strong></span> <span class='ocrx_word' id='word_1_930' title='bbox 1804 5186 1806 5190; x_wconf 29' lang='grc' dir='ltr'><em>ν</em></span> 
     </span>
     <span class='ocr_line' id='line_1_118' title="bbox 995 5218 1785 5289; baseline 0.001 -18"><span class='ocrx_word' id='word_1_931' title='bbox 995 5223 1093 5289; x_wconf 70' lang='lat' dir='ltr'><strong>parabat</strong></span> <span class='ocrx_word' id='word_1_932' title='bbox 1110 5221 1249 5288; x_wconf 79' lang='lat' dir='ltr'><strong>preceptis</strong></span> <span class='ocrx_word' id='word_1_933' title='bbox 1269 5221 1453 5273; x_wconf 90' lang='lat' dir='ltr'><strong>imbuendum.</strong></span> <span class='ocrx_word' id='word_1_934' title='bbox 1466 5221 1515 5284; x_wconf 77' lang='lat' dir='ltr'><strong>litii</strong></span> <span class='ocrx_word' id='word_1_935' title='bbox 1531 5218 1647 5273; x_wconf 88' lang='lat' dir='ltr'><strong>satiricis</strong></span> <span class='ocrx_word' id='word_1_936' title='bbox 1663 5219 1785 5274; x_wconf 81' lang='lat' dir='ltr'><strong>inhiabat</strong></span> 
     </span>
     <span class='ocr_line' id='line_1_119' title="bbox 996 5287 1784 5361; baseline 0 -19"><span class='ocrx_word' id='word_1_937' title='bbox 996 5301 1151 5344; x_wconf 86' lang='lat' dir='ltr'><strong>atramentis</strong></span> <span class='ocrx_word' id='word_1_938' title='bbox 1161 5305 1332 5357; x_wconf 77' lang='lat' dir='ltr'><strong>accensemus,</strong></span> <span class='ocrx_word' id='word_1_939' title='bbox 1345 5287 1563 5361; x_wconf 76' lang='lat' dir='ltr'><strong>itistnrinqraplris</strong></span> <span class='ocrx_word' id='word_1_940' title='bbox 1575 5303 1697 5358; x_wconf 73' lang='lat' dir='ltr'><strong>persepe</strong></span> <span class='ocrx_word' id='word_1_941' title='bbox 1707 5291 1784 5343; x_wconf 92' lang='lat' dir='ltr'><strong>dior·</strong></span> 
     </span>
     <span class='ocr_line' id='line_1_120' title="bbox 1002 5359 1784 5428; baseline 0.001 -17"><span class='ocrx_word' id='word_1_942' title='bbox 1002 5376 1061 5422; x_wconf 60' lang='lat' dir='ltr'><strong>airis,</strong></span> <span class='ocrx_word' id='word_1_943' title='bbox 1076 5360 1200 5428; x_wconf 77' lang='lat' dir='ltr'><strong>elegiacis</strong></span> <span class='ocrx_word' id='word_1_944' title='bbox 1213 5374 1333 5422; x_wconf 78' lang='lat' dir='ltr'><strong>annuus3</strong></span> <span class='ocrx_word' id='word_1_945' title='bbox 1360 5360 1540 5415; x_wconf 82' lang='lat' dir='ltr'><strong>rationerero</strong></span> <span class='ocrx_word' id='word_1_946' title='bbox 1557 5359 1708 5413; x_wconf 84' lang='lat' dir='ltr'><strong>‹iissereodi</strong></span> <span class='ocrx_word' id='word_1_947' title='bbox 1724 5361 1784 5413; x_wconf 76' lang='lat' dir='ltr'><strong>dri·</strong></span> 
     </span>
    </p>
   </div>
   <div class='ocr_carea' id='block_1_18' title="bbox 130 5427 1785 5713">
    <p class='ocr_par' dir='ltr' id='par_1_18' title="bbox 130 5427 1785 5713">
     <span class='ocr_line' id='line_1_121' title="bbox 130 5427 1785 5504; baseline -0.005 -15"><span class='ocrx_word' id='word_1_948' title='bbox 130 5481 133 5489; x_wconf 89' lang='lat'>.</span> <span class='ocrx_word' id='word_1_949' title='bbox 160 5451 242 5490; x_wconf 86' lang='lat' dir='ltr'><strong>nuuc.</strong></span> <span class='ocrx_word' id='word_1_950' title='bbox 258 5436 327 5490; x_wconf 77' lang='lat' dir='ltr'><strong>iicce</strong></span> <span class='ocrx_word' id='word_1_951' title='bbox 339 5445 467 5504; x_wconf 91' lang='lat' dir='ltr'><strong>qnantum</strong></span> <span class='ocrx_word' id='word_1_952' title='bbox 481 5433 647 5488; x_wconf 87' lang='lat' dir='ltr'><strong>detestabilis</strong></span> <span class='ocrx_word' id='word_1_953' title='bbox 658 5443 699 5487; x_wconf 90' lang='lat' dir='ltr'><strong>est</strong></span> <span class='ocrx_word' id='word_1_954' title='bbox 714 5437 883 5488; x_wconf 83' lang='lat' dir='ltr'><strong>irreretricum</strong></span> <span class='ocrx_word' id='word_1_955' title='bbox 900 5436 941 5486; x_wconf 91' lang='lat' dir='ltr'><strong>iu·</strong></span> <span class='ocrx_word' id='word_1_956' title='bbox 996 5431 1120 5483; x_wconf 74' lang='lat' dir='ltr'><strong>stiria-inu</strong></span> <span class='ocrx_word' id='word_1_957' title='bbox 1138 5431 1331 5482; x_wconf 86' lang='lat' dir='ltr'><strong>iaiireatabatur</strong></span> <span class='ocrx_word' id='word_1_958' title='bbox 1342 5440 1497 5493; x_wconf 81' lang='lat' dir='ltr'><strong>nostrarum,</strong></span> <span class='ocrx_word' id='word_1_959' title='bbox 1512 5430 1537 5483; x_wconf 92' lang='lat' dir='ltr'><strong>in</strong></span> <span class='ocrx_word' id='word_1_960' title='bbox 1548 5427 1712 5483; x_wconf 86' lang='lat' dir='ltr'><strong>editionibus</strong></span> <span class='ocrx_word' id='word_1_961' title='bbox 1726 5432 1785 5496; x_wconf 84' lang='lat' dir='ltr'><strong>piri·</strong></span> 
     </span>
     <span class='ocr_line' id='line_1_122' title="bbox 158 5499 1784 5571; baseline -0.004 -13"><span class='ocrx_word' id='word_1_962' title='bbox 158 5519 262 5561; x_wconf 89' lang='lat' dir='ltr'><strong>corsus.</strong></span> <span class='ocrx_word' id='word_1_963' title='bbox 280 5508 327 5560; x_wconf 84' lang='lat' dir='ltr'><strong>Est</strong></span> <span class='ocrx_word' id='word_1_964' title='bbox 344 5517 437 5558; x_wconf 82' lang='lat' dir='ltr'><strong>autem</strong></span> <span class='ocrx_word' id='word_1_965' title='bbox 455 5503 583 5559; x_wconf 83' lang='lat' dir='ltr'><strong>meretrix</strong></span> <span class='ocrx_word' id='word_1_966' title='bbox 600 5504 709 5557; x_wconf 89' lang='lat' dir='ltr'><strong>nonaria</strong></span> <span class='ocrx_word' id='word_1_967' title='bbox 730 5503 825 5558; x_wconf 90' lang='lat' dir='ltr'><strong>iulerni</strong></span> <span class='ocrx_word' id='word_1_968' title='bbox 843 5503 939 5571; x_wconf 80' lang='lat' dir='ltr'><strong>janua,</strong></span> <span class='ocrx_word' id='word_1_969' title='bbox 999 5499 1141 5568; x_wconf 83' lang='lat' dir='ltr'><strong>iusopiiiris</strong></span> <span class='ocrx_word' id='word_1_970' title='bbox 1156 5515 1326 5565; x_wconf 86' lang='lat' dir='ltr'><strong>rrioirsuruns,</strong></span> <span class='ocrx_word' id='word_1_971' title='bbox 1342 5500 1536 5567; x_wconf 79' lang='lat' dir='ltr'><strong>duodecimque</strong></span> <span class='ocrx_word' id='word_1_972' title='bbox 1548 5500 1698 5552; x_wconf 83' lang='lat' dir='ltr'><strong>tabidarum</strong></span> <span class='ocrx_word' id='word_1_973' title='bbox 1706 5513 1784 5552; x_wconf 83' lang='lat' dir='ltr'><strong>eona·</strong></span> 
     </span>
     <span class='ocr_line' id='line_1_123' title="bbox 159 5566 1783 5689; baseline -0.004 -61"><span class='ocrx_word' id='word_1_974' title='bbox 159 5577 201 5628; x_wconf 85' lang='lat' dir='ltr'><strong>ria</strong></span> <span class='ocrx_word' id='word_1_975' title='bbox 215 5576 378 5645; x_wconf 88' lang='lat' dir='ltr'><strong>iniquitatis,</strong></span> <span class='ocrx_word' id='word_1_976' title='bbox 394 5575 544 5643; x_wconf 84' lang='lat' dir='ltr'><strong>scorpionis</strong></span> <span class='ocrx_word' id='word_1_977' title='bbox 559 5575 710 5642; x_wconf 81' lang='lat' dir='ltr'><strong>percussio,</strong></span> <span class='ocrx_word' id='word_1_978' title='bbox 725 5574 866 5627; x_wconf 87' lang='lat' dir='ltr'><strong>viscarium</strong></span> <span class='ocrx_word' id='word_1_979' title='bbox 878 5585 939 5627; x_wconf 82' lang='lat' dir='ltr'><strong>sce·</strong></span> <span class='ocrx_word' id='word_1_980' title='bbox 986 5569 1168 5689; x_wconf 54' lang='grc' dir='ltr'><strong>ιζιιιιιιυιιιιιιιι</strong></span> <span class='ocrx_word' id='word_1_981' title='bbox 1178 5569 1252 5638; x_wconf 85' lang='lat' dir='ltr'><strong>quasi</strong></span> <span class='ocrx_word' id='word_1_982' title='bbox 1263 5569 1457 5631; x_wconf 85' lang='lat' dir='ltr'><strong>instantaneus,</strong></span> <span class='ocrx_word' id='word_1_983' title='bbox 1472 5566 1596 5622; x_wconf 84' lang='lat' dir='ltr'><strong>orriuibus</strong></span> <span class='ocrx_word' id='word_1_984' title='bbox 1610 5568 1744 5636; x_wconf 87' lang='lat' dir='ltr'><strong>siquidem</strong></span> <span class='ocrx_word' id='word_1_985' title='bbox 1756 5571 1783 5621; x_wconf 90' lang='lat' dir='ltr'><strong>io</strong></span> 
     </span>
     <span class='ocr_line' id='line_1_124' title="bbox 159 5638 1784 5713; baseline -0.003 -18"><span class='ocrx_word' id='word_1_986' title='bbox 159 5645 256 5709; x_wconf 85' lang='lat' dir='ltr'><strong>lerum,</strong></span> <span class='ocrx_word' id='word_1_987' title='bbox 273 5656 368 5713; x_wconf 86' lang='lat' dir='ltr'><strong>puteus</strong></span> <span class='ocrx_word' id='word_1_988' title='bbox 386 5645 526 5706; x_wconf 80' lang='lat' dir='ltr'><strong>interitus,</strong></span> <span class='ocrx_word' id='word_1_989' title='bbox 541 5654 569 5697; x_wconf 90' lang='lat' dir='ltr'><strong>et</strong></span> <span class='ocrx_word' id='word_1_990' title='bbox 586 5645 607 5697; x_wconf 94' lang='lat' dir='ltr'><strong>si</strong></span> <span class='ocrx_word' id='word_1_991' title='bbox 623 5658 674 5711; x_wconf 89' lang='lat' dir='ltr'><strong>qua</strong></span> <span class='ocrx_word' id='word_1_992' title='bbox 687 5652 729 5696; x_wconf 90' lang='lat' dir='ltr'><strong>est</strong></span> <span class='ocrx_word' id='word_1_993' title='bbox 742 5643 851 5696; x_wconf 90' lang='lat' dir='ltr'><strong>alterius</strong></span> <span class='ocrx_word' id='word_1_994' title='bbox 863 5642 940 5695; x_wconf 78' lang='lat' dir='ltr'><strong>lurra·</strong></span> <span class='ocrx_word' id='word_1_995' title='bbox 1014 5640 1069 5692; x_wconf 84' lang='lat' dir='ltr'><strong>reri</strong></span> <span class='ocrx_word' id='word_1_996' title='bbox 1091 5640 1229 5693; x_wconf 84' lang='lat' dir='ltr'><strong>exstiterat</strong></span> <span class='ocrx_word' id='word_1_997' title='bbox 1245 5638 1386 5695; x_wconf 77' lang='lat' dir='ltr'><strong>iastirlitus.</strong></span> <span class='ocrx_word' id='word_1_998' title='bbox 1404 5639 1431 5691; x_wconf 88' lang='lat' dir='ltr'><strong>Si</strong></span> <span class='ocrx_word' id='word_1_999' title='bbox 1452 5653 1515 5691; x_wconf 80' lang='lat' dir='ltr'><strong>roro</strong></span> <span class='ocrx_word' id='word_1_1000' title='bbox 1529 5638 1657 5691; x_wconf 84' lang='lat' dir='ltr'><strong>librorum</strong></span> <span class='ocrx_word' id='word_1_1001' title='bbox 1674 5639 1784 5707; x_wconf 79' lang='lat' dir='ltr'><strong>inspec-</strong></span> 
     </span>
    </p>
   </div>
   <div class='ocr_carea' id='block_1_19' title="bbox 157 5707 1785 5784">
    <p class='ocr_par' dir='ltr' id='par_1_19' title="bbox 157 5707 1785 5784">
     <span class='ocr_line' id='line_1_125' title="bbox 157 5707 1785 5784; baseline -0.002 -19"><span class='ocrx_word' id='word_1_1002' title='bbox 157 5713 203 5769; x_wconf 87' lang='lat' dir='ltr'><strong>ria·</strong></span> <span class='ocrx_word' id='word_1_1003' title='bbox 217 5713 371 5784; x_wconf 81' lang='lat' dir='ltr'><strong>ignorarinia,</strong></span> <span class='ocrx_word' id='word_1_1004' title='bbox 386 5716 488 5782; x_wconf 83' lang='lat' dir='ltr'><strong>species</strong></span> <span class='ocrx_word' id='word_1_1005' title='bbox 503 5712 627 5781; x_wconf 75' lang='lat' dir='ltr'><strong>quaelibet</strong></span> <span class='ocrx_word' id='word_1_1006' title='bbox 640 5713 689 5764; x_wconf 80' lang='lat' dir='ltr'><strong>alia</strong></span> <span class='ocrx_word' id='word_1_1007' title='bbox 708 5711 815 5780; x_wconf 81' lang='lat' dir='ltr'><strong>grauior</strong></span> <span class='ocrx_word' id='word_1_1008' title='bbox 836 5713 939 5766; x_wconf 86' lang='lat' dir='ltr'><strong>scelere</strong></span> <span class='ocrx_word' id='word_1_1009' title='bbox 994 5708 1094 5761; x_wconf 89' lang='lat' dir='ltr'><strong>tionum</strong></span> <span class='ocrx_word' id='word_1_1010' title='bbox 1106 5722 1251 5777; x_wconf 85' lang='lat' dir='ltr'><strong>corumque</strong></span> <span class='ocrx_word' id='word_1_1011' title='bbox 1261 5707 1785 5780; x_wconf 77' lang='lat' dir='ltr'><strong>scriptura·aliquantulumindulsisset,</strong></span> 
     </span>
    </p>
   </div>
   <div class='ocr_carea' id='block_1_20' title="bbox 0 0 1978 6186">
    <p class='ocr_par' dir='ltr' id='par_1_20' title="bbox 0 0 1978 6186">
     <span class='ocr_line' id='line_1_126' title="bbox 0 0 1978 6186; baseline 0 2"><span class='ocrx_word' id='word_1_1012' title='bbox 0 0 1978 6186; x_wconf 95' lang='lat' dir='ltr'><strong> </strong></span> 
     </span>
    </p>
   </div>
  </div>
 </body>
</html>
