3946 6186
143 264 208 329 titt
434 262 468 317 tt
487 260 617 317 ttttittitt
639 258 682 313 oti
701 259 837 318 netues
857 260 1006 321 dtibuts
1026 263 1069 319 tt
1090 261 1157 320 lidi
1178 259 1336 318 PEllSOer
1356 258 1492 317 cntttstt
1721 257 1796 318 lm

142 387 277 441 demesc
292 399 440 454 personas:
457 396 538 436 onsru
563 379 688 434 ritoticrt
706 396 766 451 qun
791 380 932 448 orooro,
948 387 1186 448 Atustnatttrotn
1214 382 1359 436 bumanam
1386 383 1412 435 ln
1436 379 1544 435 birrirto
1573 379 1659 435 inisse
1696 395 1793 438 nona

143 458 255 512 tiltersut
271 455 493 525 uttrebouroesi.
509 449 644 521 Eutyches
667 460 930 521 resurectc,qtrau-
986 452 1068 509 llaria
1096 460 1231 521 sumptim
1248 451 1378 519 disputat,
1394 461 1423 507 ει
1448 465 1618 522 nequaquam
1643 450 1701 507 ltoc
1731 453 1792 510 teri

143 540 199 582 tum
215 526 247 579 ad
263 528 300 579 rei
316 526 456 578 veritatum
478 532 506 576 ει
527 521 688 577 rastrottoam
711 521 801 584 tidem.
818 523 934 579 credens
985 525 1107 595 potuisse
1119 523 1297 578 demonstrat.
1310 522 1391 589 Quasi
1405 538 1412 577 τ
1425 523 1477 576 Aut
1490 538 1544 576 non
1553 534 1727 587 assumente,
1737 535 1789 580 ant

142 600 277 651 tttrrisrnm
289 609 349 649 osse
360 608 441 648 unam
458 604 560 647 tantum
571 606 728 661 personam;
741 600 769 647 ει
783 590 852 646 lalsu
869 608 934 648 con·
986 602 1140 650 assumente
1151 593 1261 648 Cbristo
1275 592 1310 647 de
1324 592 1405 648 llaria
1420 606 1530 661 eorpus,
1555 602 1610 649 ete.
1629 593 1670 649 oe
1690 594 1794 664 quibas

145 680 185 723 tra
197 667 325 727 rationes,
340 675 366 719 ει
379 664 460 734 impie
472 672 565 717 contra
579 662 745 733 religionem,
756 662 842 717 credit
853 678 933 718 unam
984 665 1076 720 verbis
1090 663 1208 720 nascitur
1219 663 1467 733 ittudnisjorremm,
1479 663 1551 735 quod
1563 662 1696 721 videlieet
1704 666 1792 723 inter-

144 750 249 877 azontu
263 737 346 806 ipsius
361 735 446 790 solam
461 731 580 789 dirinam
601 734 781 789 scilicetesse
800 742 932 788 naturam.
986 735 1149 803 rogabimus,
1182 735 1234 789 linc
1262 735 1343 788 nrorlo
1365 733 1487 789 dicentes
1502 752 1509 788 ε
1525 734 1609 789 Natus
1637 750 1675 791 rx
1706 738 1792 793 diaria

187 808 194 861 i
210 806 356 879 Eutyches,
373 804 511 861 conuictus
537 819 591 859 uon
611 817 642 859 ει
660 812 770 860 ιιιιιειιιο
802 819 836 860 ιιο
860 820 934 873 quae-
987 805 1119 870 cirristm,
1134 814 1180 861 aut
1194 805 1228 860 ab
1240 819 1271 859 ea
1282 819 1391 860 carnem
1403 805 1498 871 traxit,
1509 806 1682 862 autminime
1694 807 1731 863 ab
1744 822 1790 863 ea.

144 877 240 934 silonis
253 889 413 950 purgaretur
426 875 592 946 ambiguum,
610 819 658 929 sed
673 875 730 944 ipsa
743 819 877 929 sitleam
891 892 934 930 re·
987 877 1063 942 Qtrod
1083 877 1106 931 si
1133 891 1186 931 non
1210 877 1354 931 conlitetnr
1374 874 1510 946 Eutycltes
1533 891 1568 931 es
1590 876 1791 933 cocorrano

144 963 204 1005 rttm
227 965 234 1003 t
261 948 332 1016 nootl
356 955 430 1002 recte
457 946 532 1010 dico,
555 944 772 1029 qnandoquidem
799 946 935 1012 omuibus,
987 949 1102 1003 traxisse
1112 961 1222 1003 carnem
1235 945 1481 1011 bumanam,dicst,
1492 959 1546 1016 qno
1556 947 1666 1003 bomine
1675 948 1791 1005 indutus

146 1017 512 1091 snsnrreqrribuslibctertra
536 1015 650 1087 snruptis
672 1017 799 1082 uirentis,
824 1016 935 1071 trunde-
987 1018 1137 1083 advenerit,
1158 1018 1184 1075 id
1211 1026 1252 1074 εει
1274 1015 1353 1087 cujus
1377 1017 1493 1072 bumana
1516 1017 1668 1073 substantia
1696 1017 1789 1075 iaetus

145 1099 269 1145 stumest
278 1089 359 1143 aliam
369 1101 429 1143 osse
440 1096 560 1141 naturam
575 1086 701 1152 bominis,
716 1087 797 1141 aliam
821 1085 886 1151 liei,
900 1087 937 1139 ait
988 1090 1069 1143 trnmn
1093 1088 1266 1159 ipparnerit;
1284 1097 1312 1143 et
1333 1086 1482 1143 seeundum
1509 1102 1589 1156 onam
1616 1088 1788 1146 divisionem

146 1159 310 1217 seconlltsri
324 1159 391 1212 dum
413 1157 441 1212 in
463 1156 571 1212 cbristo
591 1170 653 1212 esse
672 1165 799 1222 nutriris,
824 1159 870 1212 sed
887 1158 938 1211 boc
989 1158 1104 1215 bominis
1119 1158 1181 1213 velit
1192 1159 1245 1214 sibi
1257 1157 1321 1224 dici,
1334 1172 1440 1229 quoque
1461 1158 1591 1224 onendir,
1606 1159 1727 1229 ipsemet
1743 1160 1789 1217 di-

147 1230 412 1287 antesduuatinnem
426 1229 523 1283 divium
538 1238 566 1282 ει
590 1229 714 1282 numanae
730 1237 843 1293 uatnrae,
857 1242 937 1282 ruram
988 1229 1081 1286 ridens
1098 1238 1126 1286 ει
1147 1228 1258 1285 dicens:
1279 1228 1409 1284 Utrumne
1434 1243 1468 1283 eo
1488 1228 1534 1298 oui
1555 1229 1786 1297 prevaricatione

146 1316 212 1359 rrro
221 1311 347 1369 esserunt
357 1299 558 1354 adunationem.
568 1296 634 1363 Qua
643 1299 776 1354 sententia
791 1298 875 1365 ipsios
885 1314 937 1352 uun
989 1300 1102 1369 peccati,
1116 1300 1150 1355 ab
1162 1301 1263 1355 bonore
1275 1298 1437 1355 conditionis
1448 1298 1573 1354 bumana
1582 1299 1732 1371 deciderit,
1749 1318 1785 1358 an

146 1380 240 1441 aperte
252 1371 323 1442 orrod
347 1370 406 1425 ruli
429 1370 571 1441 eloquitur,
587 1368 614 1424 id
626 1367 722 1425 estcui
737 1370 827 1423 sensui
842 1370 939 1424 mentis
988 1372 1043 1425 alio
1056 1372 1179 1427 indruust
1192 1371 1220 1426 Si
1232 1371 1332 1426 dixerit
1355 1370 1425 1436 ntrod
1451 1369 1603 1439 advenerit,
1623 1370 1787 1431 indurasse

148 1442 220 1498 illius
233 1443 292 1499 itare
306 1442 399 1506 rerba,
415 1440 540 1496 videlieet
554 1449 617 1495 ante
635 1450 661 1494 et
682 1448 745 1507 post
765 1441 818 1494 situ
838 1448 879 1494 art
889 1453 923 1493 ru
989 1441 1023 1497 de
1037 1443 1113 1510 cujus
1128 1443 1233 1497 semiue
1246 1440 1361 1511 nttadam
1381 1441 1457 1508 qttasi
1482 1442 1669 1510 generationis
1682 1456 1783 1515 propa·

150 1515 214 1579 ista,
229 1522 257 1569 ει
269 1529 301 1570 ει
316 1526 370 1581 nno
380 1511 464 1582 ipsios
478 1524 559 1565 sensu
578 1510 682 1580 prolata
708 1509 773 1576 sint,
789 1520 862 1565 certa
877 1525 939 1580 pro·
988 1512 1096 1582 mitione
1108 1512 1255 1568 ductusest
1270 1512 1361 1575 bomo,
1376 1511 1536 1580 dicationem
1551 1514 1784 1581 preteritariarn,

54 1616 65 1642 -.
148 1585 275 1657 prietatis
287 1582 486 1654 significatione
501 1594 554 1635 uon
569 1580 737 1646 exprimitur.
754 1579 820 1635 itam
835 1590 863 1635 ει
877 1591 939 1636 εειε
990 1582 1015 1638 id
1030 1594 1072 1639 est
1086 1583 1163 1654 cujus
1173 1583 1285 1637 alterius
1304 1582 1481 1638 substantiam
1498 1591 1541 1638 εει
1562 1586 1659 1639 vestita
1682 1582 1784 1641 divini·

60 1687 67 1695 ·
87 1690 91 1695 -
133 1668 181 1712 ex
194 1655 294 1710 diremi
308 1651 494 1721 praecedentis,
511 1661 539 1705 ει
558 1660 619 1719 post
633 1666 665 1705 cx
681 1651 778 1705 diversi
799 1651 939 1719 sequentis
990 1653 1048 1708 tasi
1063 1655 1096 1708 Ει
1109 1661 1182 1709 recte
1195 1667 1288 1723 quatro
1298 1666 1379 1722 quent
1393 1652 1475 1707 aliurn
1489 1654 1601 1709 :namsi
1616 1669 1672 1711 nnn
1685 1669 1721 1710 ει
1737 1670 1785 1713 εε-

149 1724 277 1795 temporis
291 1724 440 1789 intellectu,
457 1730 547 1792 potest
567 1721 741 1787 proterritis
763 1730 852 1775 tamen
879 1721 938 1790 ejus
990 1723 1061 1779 mine
1072 1724 1187 1780 llbralta
1200 1722 1655 1793 asqubarinerpmrromotisriae
1667 1726 1784 1796 (ιιιιεεῑ),

148 1794 310 1852 dementiam
340 1804 550 1862 perscrutemur,
568 1792 636 1846 bane
651 1799 803 1859 temporum
824 1790 936 1846 dirersi-
954 1766 977 1825 Β
990 1795 1134 1879 dequibus
1156 1794 1207 1849 ltoc
1231 1793 1393 1860 promissum
1413 1793 1510 1858 luerat,
1526 1792 1576 1849 luit
1587 1810 1650 1851 carn
1666 1796 1710 1851 ills
1725 1810 1785 1920 zm

148 1876 230 1922 trent
239 1864 371 1920 divisione
381 1865 553 1930 exponimur,
567 1862 702 1917 ostensuri
717 1862 843 1931 qttoniam
853 1864 939 1932 qnod·
983 1871 1105 1921 cbristus
1122 1866 1156 1919 dc
1172 1865 1254 1919 blaria
1276 1869 1430 1929 natusest,
1446 1863 1570 1916 ostendat
1586 1877 1620 1918 ex
1637 1862 1715 1933 cujus
1749 1882 1785 1922 o-

148 1936 216 1993 libet
242 1936 338 1990 tromm
363 1942 514 2003 temporum
538 1947 599 2002 oue
625 1931 807 1988 manilrstrbit
830 1932 937 1998 dirisio,
984 1936 1065 1991 minis
1079 1949 1160 1990 cartre
1175 1937 1209 1989 sit
1223 1933 1370 1988 derivatos.
1390 1931 1424 1986 et
1436 1932 1544 2001 proprie
1557 1934 1652 2002 toonor
1663 1934 1784 1992 dicendo

150 2007 216 2065 relit
229 2006 342 2075 intelligi
354 2045 362 2072 ,
375 2002 504 2065 dicendo,
518 2013 581 2057 ante
596 2012 623 2058 ει
641 2011 715 2072 posu
733 2012 822 2057 tamen
837 2002 939 2073 impos·
983 2006 1133 2070 derivatos,
1147 2003 1272 2073 qttottittiti
1294 2012 1355 2072 post
1377 2001 1492 2072 prirnotu
1509 2001 1666 2073 ltourinent,
1692 2005 1784 2062 Adam

147 2078 228 2134 sibile
239 2084 350 2132 esteam
364 2089 443 2146 quam
459 2074 517 2143 ipse
538 2073 664 2141 oriuntur
677 2072 826 2128 divinitatis
841 2072 938 2128 buma-
983 2076 1117 2143 rideiicet‚
1134 2074 1221 2128 onmis
1231 2085 1295 2127 caro
1310 2074 1477 2137 inurbanum
1491 2072 1607 2129 bumana
1617 2087 1701 2131 rarus
1711 2090 1784 2147 qus·

150 2149 240 2204 rriutis
259 2161 293 2203 ue
318 2146 375 2200 lleri
399 2143 599 2200 adunationem.
631 2143 749 2198 dicimus
774 2157 839 2215 ergo
867 2144 938 2212 nond
983 2146 1045 2203 dam
1059 2145 1249 2229 propagatione
1262 2141 1407 2198 diducitur.
1423 2142 1517 2198 llolier
1531 2157 1647 2215 namque
1662 2160 1724 2215 qua
1739 2147 1788 2201 itit

151 2162 278 2274 adunallo
293 2217 351 2272 baro
363 2214 461 2271 divine
474 2224 502 2270 et
512 2215 636 2269 lrumanar
656 2226 758 2268 ustura
769 2212 796 2268 in
810 2212 938 2280 llbrlsto,
984 2218 1011 2272 in
1026 2217 1188 2287 annuentium
1203 2216 1264 2268 data
1276 2224 1334 2278 est,
1346 2213 1380 2267 de
1395 2222 1471 2267 costa
1485 2212 1570 2280 ipsius
1583 2212 1679 2285 tonsor
1694 2215 1786 2273 inisse

149 2298 197 2345 aut
219 2299 323 2360 tempus
337 2284 518 2358 reiterationls
531 2285 601 2356 ejus,
614 2284 717 2339 seilicet
738 2283 765 2338 iu
784 2294 860 2340 utero
876 2285 940 2340 l'ir·
984 2289 1111 2349 toronum
1127 2301 1159 2340 ox
1176 2284 1216 2338 lts
1231 2297 1296 2338 sero
1309 2291 1336 2338 ει
1349 2283 1476 2354 deinceps
1490 2299 1522 2339 es
1538 2298 1612 2339 mare
1623 2294 1649 2339 ει
1660 2283 1793 2353 ienrirrs,·

150 2359 221 2433 pinis
235 2358 302 2415 iacta
317 2367 369 2423 est,
391 2356 517 2427 nttorriam
538 2365 602 2411 turrc
617 2354 733 2411 l'erbum
757 2368 821 2410 earo
839 2354 939 2411 iactum
983 2359 1106 2413 ministra
1127 2354 1251 2426 originali
1272 2353 1502 2422 concupicentia.
1524 2353 1615 2410 deriso
1633 2355 1780 2425 utriusque

150 2439 209 2496 εει;
224 2439 270 2485 εει
280 2438 385 2499 tempos
405 2428 620 2492 resurrectionis,
633 2425 759 2494 nrrouiam
775 2436 838 2481 tunc
850 2425 939 2480 anima
983 2442 1108 2498 corpore,
1124 2426 1277 2497 quicunque
1293 2435 1391 2493 prater
1403 2423 1540 2478 Christum
1548 2433 1696 2494 pertentor.
1709 2426 1777 2494 lpse

152 2503 279 2564 ltnmnmt,
294 2514 354 2570 quse
366 2512 430 2552 uera
441 2497 540 2552 Christi
555 2505 640 2552 niorto
655 2497 742 2551 iuerat
755 2495 790 2551 ab
813 2495 941 2566 clusens-
991 2515 1098 2570 quoque
1110 2499 1245 2561 cbristus,
1258 2513 1310 2551 unu
1325 2495 1433 2566 quidem
1448 2494 1613 2553 ministram·
1631 2494 1695 2548 inali
1705 2509 1779 2549 con·

153 2584 220 2639 pore
233 2579 368 2654 separata,
389 2567 478 2623 eidem
497 2569 640 2637 conjuncta
651 2576 701 2621 εει.
714 2564 767 2622 Scd
783 2567 805 2621 si
821 2576 941 2639 tempore
991 2569 1166 2640 cupiscentia,
1182 2571 1229 2625 sed
1243 2568 1299 2625 sola
1314 2566 1442 2623 iuellabtli
1456 2576 1485 2624 ει
1504 2570 1616 2621 inssrsta
1637 2564 1665 2618 iti
1681 2564 1781 2621 divina

150 2642 334 2712 generationis
346 2638 473 2692 adunatio
488 2636 556 2691 iacta
568 2645 620 2699 est,
634 2640 702 2707 ntro!
717 2636 782 2692 dicit
799 2646 861 2692 aute
875 2636 941 2693 adu·
991 2648 1121 2712 operante
1151 2641 1228 2701 ratia.
1253 2638 1345 2694 deciso
1363 2638 1482 2693 ltomin²s
1498 2650 1620 2705 corpore,
1635 2633 1719 2690 bomo
1733 2634 1783 2691 la·

152 2710 287 2766 nationem
302 2709 411 2775 iactam,
432 2711 459 2762 in
482 2707 592 2763 iiluisto
608 2720 718 2763 natiuae
736 2707 806 2774 illas,
822 2708 940 2764 (lisinam
992 2723 1051 2768 orus·
1065 2721 1117 2768 est.
1133 2655 1186 2765 gen
1202 2711 1224 2765 si
1238 2724 1317 2780 nrum
1333 2709 1468 2764 nominem
1482 2719 1577 2776 praer
1588 2706 1701 2761 ttrrism
1715 2705 1785 2762 iir-

148 2780 255 2838 scilicet
265 2790 293 2837 ει
305 2779 461 2846 humanam,
474 2776 555 2834 [trisse
568 2779 636 2834 duas
648 2796 655 2833 :
665 2778 802 2835 idendieit
816 2779 941 2846 qnoniam
993 2784 1083 2852 pineto
1105 2782 1239 2853 Eutyches
1253 2779 1367 2843 stiterit,
1394 2792 1409 2832 a
1431 2794 1485 2849 qun
1504 2781 1619 2833 bumana
1639 2778 1785 2846 generatio

150 2866 263 2909 carnem
278 2852 350 2907 illam
365 2864 446 2920 qoam
476 2849 600 2905 cbristus
625 2849 772 2919 assumpsit
786 2849 812 2905 in
833 2849 942 2921 virgine
994 2853 1144 2911 salvatoris
1157 2860 1262 2922 sumpta
1278 2850 1329 2905 siti
1346 2849 1451 2904 [tunitii
1468 2848 1632 2905 iudeinlerri
1643 2860 1725 2914 posse
1739 2848 1786 2903 ri·

155 2924 238 2991 (sicot
256 2921 412 3007 pradictum
427 2920 491 2990 est),
521 2918 656 2976 evidentia
678 2934 767 2975 terum
794 2922 941 2984 ronrictus.
994 2924 1101 2989 dentur,
1117 2918 1785 2994 ntrodrdelineretipsecrroresuooonlttodetnr.

153 3004 228 3052 recte
242 2994 308 3049 dicit
320 3009 334 3047 a
345 2992 435 3048 divina
451 3001 556 3053 natura,
573 3001 716 3057 antennam
733 2990 856 3047 Christus
869 2991 942 3046 illam
994 3004 1023 3050 et
1035 2994 1129 3050 illusus
1145 2994 1201 3062 ipse
1221 2993 1296 3046 iatam
1310 2991 1445 3061 opinionis
1459 3005 1566 3056 errore,
1591 2990 1727 3045 videnum
1750 2990 1787 3045 slt

153 3072 315 3129 sssouterct,
330 3064 547 3120 essetlirersam.
563 3062 617 3119 Sed
631 3062 665 3118 de
678 3076 759 3118 carne
770 3062 814 3117 illa
830 3061 942 3117 duarum
994 3066 1047 3121 illis
1071 3066 1116 3137 nui
1141 3064 1294 3133 Scripturas
1315 3070 1446 3116 noverunt
1465 3061 1604 3117 ascribere
1616 3073 1667 3116 sua
1691 3074 1785 3117 asser-

173 3150 222 3192 utts
234 3150 366 3208 ponemus
376 3133 532 3206 opinionum
547 3149 627 3188 unam
649 3132 749 3188 babere
770 3134 885 3189 videtur.
898 3130 979 3191 tii-c
995 3136 1069 3192 tione
1085 3135 1216 3191 ruendarii
1231 3142 1320 3189 notam
1334 3146 1446 3186 sumutte
1462 3132 1612 3197 ttirinitati,
1627 3145 1690 3201 oure
1704 3146 1785 3187 nten-

153 3150 234 3263 fletur
248 3207 320 3262 euim
344 3216 439 3275 potare
464 3204 535 3274 quod
564 3204 744 3259 Valentiniani
760 3210 941 3272 putaverunt,
998 3207 1042 3263 tiri
1054 3221 1107 3262 non
1123 3215 1208 3276 potest
1217 3221 1227 3272 i
1241 3215 1268 3260 et
1279 3211 1352 3258 reete
1363 3202 1506 3268 ridebitur,
1520 3201 1742 3274 querirnoniarn
1758 3202 1786 3259 ιη

152 3278 294 3343 uidelicet,
314 3277 394 3332 etlam
422 3284 485 3330 autc
509 3276 710 3345 generationem
740 3273 839 3329 Cltristi
863 3273 944 3328 ittirse
996 3280 1106 3345 sanetis,
1122 3277 1174 3333 boc
1187 3287 1228 3332 εει
1244 3273 1602 3331 immutabilitatedirtornm
1619 3272 1786 3328 tirmisrliri·

155 3349 298 3403 itomanam
314 3362 422 3402 caruem
436 3359 520 3400 noua
544 3345 623 3400 llario
637 3355 781 3415 sumptam,
799 3345 846 3401 sed
856 3345 945 3414 aliquo
996 3348 1162 3416 nationibus,
1179 3346 1205 3402 id
1224 3355 1267 3402 est
1290 3343 1449 3415 propbetiis,
1476 3345 1572 3411 ouibus
1591 3344 1686 3399 divino
1707 3358 1785 3401 rese·

151 3417 316 3483 ammodo,
341 3415 519 3471 incarnationi
535 3415 606 3471 illius
622 3424 818 3485 praeparatam
835 3414 944 3470 llariam
997 3419 1070 3476 lanto
1084 3420 1193 3474 numine
1204 3417 1317 3488 piurima
1327 3430 1387 3486 qum
1405 3414 1549 3470 burrianum
1570 3413 1786 3471 launomarum.

150 3503 220 3545 reto
243 3487 373 3557 virginem
396 3486 555 3554 oppositam,
575 3500 609 3539 ex
623 3500 675 3552 ona
689 3500 754 3540 raro
768 3486 821 3548 itta,
836 3500 897 3553 oua
911 3499 944 3540 or
997 3504 1059 3546 nem
1071 3489 1212 3544 mrntrosra
1222 3494 1379 3559 patuerunt,
1394 3485 1559 3557 promititur
1573 3484 1692 3540 somna
1704 3495 1786 3556 storo

156 3575 188 3616 en
202 3557 312 3630 Virgine
324 3565 429 3624 sumpta
441 3570 492 3610 nou
508 3566 591 3619 esset,
609 3567 777 3622 nosceretur;
789 3556 861 3610 illam
882 3570 946 3610 sero
997 3560 1091 3623 Dauid,
1108 3574 1161 3615 non
1174 3559 1236 3614 dico
1250 3574 1283 3613 er
1311 3571 1416 3622 eorum,
1434 3555 1481 3612 sed
1496 3556 1558 3611 dico
1578 3564 1610 3610 ut
1631 3569 1666 3611 es
1690 3569 1787 3611 eoram

149 3644 266 3687 nomem
287 3642 347 3699 qna
365 3636 428 3681 ante
440 3625 651 3695 generationem,
674 3626 744 3681 sicru
767 3627 867 3681 diuum
890 3636 944 3695 est,
995 3632 1157 3687 sominetoti
1173 3629 1368 3693 marmoratos,
1394 3628 1446 3683 boe
1459 3641 1499 3683 εει
1515 3627 1560 3683 itte
1579 3641 1629 3696 por
1648 3640 1731 3697 qnam
1758 3627 1787 3682 itt

151 3697 439 3762 -laoritasubstantia
453 3694 612 3758 divinitatis,
629 3695 680 3751 boc
694 3705 735 3751 est
759 3710 775 3750 a
795 3694 943 3762 divinitate,
996 3701 1209 3766 salomoniacum
1240 3699 1400 3755 Tuncenim
1414 3696 1785 3764 nonmodoquodereuiar,

158 3765 944 3837 „rarorummquesoporatam,ioestomninodirersnm
996 3773 1184 3829 verumetiam
1205 3781 1234 3825 ut
1250 3769 1367 3838 eveniat,
1397 3770 1515 3839 promitti
1544 3766 1643 3838 aliquid
1673 3768 1784 3834 dieitur,

156 3856 218 3897 oum
231 3836 608 3908 cbristusesl'irginenatus
621 3846 672 3904 εει,
689 3837 723 3893 ita
733 3837 875 3892 adunatam
884 3851 945 3894 esse
995 3858 1055 3900 eom
1080 3842 1285 3914 promissionem
1316 3841 1402 3910 ipsam
1426 3840 1465 3896 rei
1492 3849 1605 3896 eventus
1627 3840 1786 3896 ιιεεεεεεειε

159 3913 224 3975 ileo,
240 3911 267 3964 id
281 3917 324 3964 εει
336 3909 433 3964 divina
451 3917 564 3972 ruituros,
576 3919 605 3962 ut
621 3917 732 3978 utraque
746 3919 850 3972 uatum,
867 3910 944 3965 ride·
998 3915 1128 3982 sequitur.
1143 3913 1267 3969 Nredion
1279 3911 1448 3967 necessarius
1464 3912 1596 3979 sequitur,
1618 3909 1667 3965 sed
1690 3924 1786 3967 εεεεε-

161 3985 225 4039 licet
247 3981 336 4036 (lirino
363 3989 389 4034 ει
413 3979 540 4044 ltuntana,
565 3978 702 4035 rideretur
727 3994 787 4036 esse
809 3981 877 4036 l'actr
893 3995 945 4035 una
995 3987 1066 4043 sario
1076 3985 1207 4056 seqnitur.
1222 3983 1298 4050 Quod
1312 3983 1403 4053 utique
1420 3982 1461 4047 iit,
1485 3996 1545 4037 etim
1559 3980 1594 4036 ab
1608 3980 1696 4051 eoqni
1709 3996 1787 4036 morr-

152 4064 262 4109 tsntom
278 4060 385 4105 natnra.
400 4050 445 4106 l'cl
459 4051 482 4106 si
496 4050 554 4104 ltaec
567 4049 629 4120 ejus
642 4065 696 4106 non
710 4063 750 4107 εει
765 4051 899 4107 sententia
913 4050 947 4108 de
996 4057 1040 4113 tiri
1064 4071 1116 4112 non
1138 4065 1235 4125 potest,
1262 4054 1290 4109 id
1318 4063 1361 4109 est
1384 4066 1399 4105 a
1416 4053 1474 4109 beo
1496 4053 1673 4123 promittitur.
1700 4050 1788 4109 Recte

158 4139 240 4182 carue
254 4122 365 4188 Christi,
375 4122 446 4191 quod
461 4121 564 4176 scilicet
576 4136 629 4176 nou
643 4137 658 4175 a
674 4122 756 4178 llaria
770 4130 877 4192 sumpta
899 4123 944 4188 sit,
995 4142 1060 4198 ergo
1075 4127 1249 4195 promittitur,
1274 4132 1302 4179 ιιι
1326 4139 1359 4179 ει
1385 4138 1478 4179 eorum
1504 4122 1618 4189 semine,
1634 4130 1703 4188 cte,
1722 4137 1787 4178 cnm

158 4199 204 4252 itis
231 4193 329 4265 poterit
342 4207 402 4248 esse
416 4191 541 4264 (dicentis
557 4191 625 4247 duas
640 4201 747 4248 naturas
759 4207 820 4249 csse
832 4193 944 4261 Cbristi,
995 4197 1145 4270 prasertim
1171 4197 1194 4252 si
1220 4197 1336 4250 burmann
1362 4208 1426 4250 caro
1456 4196 1632 4262 conceptione
1666 4192 1787 4251 saturo

152 4278 221 4322 arrte
234 4263 435 4329 adunationem,
452 4278 530 4318 unaut
547 4270 609 4332 post
622 4262 946 4333 adunationem,si,sicut
996 4273 1034 4326 ris
1049 4270 1082 4323 ab
1097 4268 1187 4337 aliquo
1205 4276 1310 4336 sumpta
1324 4275 1376 4332 εει,
1388 4280 1442 4321 nou
1454 4267 1488 4320 ab
1496 4264 1551 4319 alio
1562 4263 1633 4320 sumi
1650 4265 1786 4334 potuerit,

158 4339 259 4393 otrrom
271 4345 324 4400 on,
337 4335 465 4389 stornio
478 4334 730 4404 genorationotaora
741 4336 806 4405 ess),
828 4346 858 4390 ut
873 4335 946 4389 rtur-
996 4339 1046 4396 nist
1061 4352 1130 4393 onos
1144 4338 1223 4393 otiam
1236 4337 1415 4406 promtissime
1428 4334 1559 4399 nuituis,
1574 4337 1660 4391 immo
1670 4335 1788 4391 renuis

159 4410 220 4464 licet
231 4420 330 4476 corpus
342 4404 451 4474 quidem
473 4403 618 4476 sumpserit
631 4419 646 4459 a
663 4405 755 4474 liaris,
774 4407 846 4474 qttod
873 4412 946 4461 tenet
996 4408 1181 4480 promissionis
1193 4408 1396 4479 procreabatur,
1413 4408 1438 4462 id
1450 4416 1491 4462 est
1502 4405 1638 4462 Abrabam
1648 4413 1679 4461 ει
1689 4404 1786 4461 narie.

151 4480 290 4535 eatttotica
304 4475 390 4541 lldes;
404 4476 452 4531 sed
469 4485 612 4545 antequam
628 4475 693 4530 illud
709 4487 839 4540 sumeret,
854 4477 943 4533 direr-
996 4482 1024 4538 Si
1041 4480 1120 4552 igitur
1132 4493 1230 4549 corpus
1238 4478 1384 4532 burrianum
1394 4493 1448 4532 nnn
1462 4487 1504 4534 εει
1517 4487 1652 4547 sumptum
1662 4488 1679 4531 s
1690 4474 1787 4538 lisria.

159 4564 217 4604 sam
232 4548 316 4603 luisse
330 4547 363 4601 ab
379 4547 492 4602 intlcom
506 4545 613 4602 deitatis
627 4545 851 4618 humanitatisque
867 4556 943 4602 uatu-
996 4551 1044 4609 sed
1058 4565 1073 4606 a
1087 4550 1207 4620 quotibet
1220 4550 1273 4604 allo
1286 4550 1394 4603 immine
1414 4563 1462 4619 per
1486 4546 1617 4610 tiorum,
1639 4556 1734 4602 umen
1746 4556 1789 4605 εει

160 4636 217 4676 ratu
230 4637 236 4672 :
251 4626 384 4687 sumptam
398 4633 462 4673 vern
478 4618 619 4672 itomanam
631 4627 763 4683 naturam,
776 4617 941 4674 osrclactatu
998 4633 1167 4694 pmcreatum
1182 4621 1253 4691 qrrod
1275 4620 1361 4674 iuerat
1387 4622 1536 4687 primorum
1557 4626 1699 4689 parentum
1716 4632 1789 4686 pra-

155 4705 241 4747 ·unam
256 4704 316 4746 conr
334 4689 448 4755 bellate,
464 4696 544 4757 atnoe
566 4688 677 4742 omniuo
691 4688 768 4744 illam
788 4688 942 4744 cessissent
997 4692 1160 4749 caricatiotte
1168 4699 1334 4760 corruptum,
1352 4689 1377 4744 id
1392 4701 1444 4756 εει,
1460 4691 1483 4745 si
1504 4690 1556 4744 ltoc
1576 4688 1714 4761 Eutyches
1727 4690 1787 4759 opi·

160 4761 335 4817 substantiam
350 4758 508 4821 diuinitatis,
519 4760 569 4814 boc
579 4767 621 4813 cst
630 4760 656 4812 in
669 4759 752 4830 ipsam
765 4760 942 4816 diuinitatem.
998 4774 1088 4832 notor,
1099 4762 1224 4832 superios
1233 4763 1270 4816 dir
1279 4770 1317 4822 to,
1332 4761 1402 4830 orrod
1413 4772 1453 4817 εει
1466 4776 1482 4815 a
1496 4760 1728 4831 consequentibus
1742 4773 1786 4815 st·-

161 4833 275 4902 Quodsi
298 4832 366 4886 lrarrc
379 4830 567 4886 adunationem
595 4845 647 4883 non
672 4841 746 4898 putat
771 4845 832 4886 εεεε
847 4831 943 4886 iactam
997 4843 1134 4905 numento,
1147 4831 1298 4903 repellitur.
1314 4831 1390 4898 ernd
1406 4832 1427 4886 si
1443 4846 1495 4887 non
1519 4845 1553 4885 eo
1568 4832 1688 4895 bomine,
1704 4829 1733 4886 id
1746 4841 1790 4887 est

159 4904 343 4976 perieratienr,
359 4902 404 4957 sed
421 4901 627 4965 resurrectione,
642 4917 735 4957 rursus
750 4902 888 4957 iddnobus
899 4915 945 4956 su·
999 4920 1051 4961 uon
1067 4904 1136 4960 illios
1150 4903 1268 4959 bominis
1280 4916 1392 4972 corpore
1406 4901 1531 4958 Cltristos
1553 4902 1661 4958 indotos
1673 4911 1727 4967 est,
1741 4901 1788 4971 qni

177 4974 287 5030 rudioris
301 4972 386 5027 modis
402 4969 460 5026 fleri
481 4969 682 5040 arbitrabimur,
699 4971 824 5029 videlicet
845 4981 890 5026 atu
908 4973 944 5028 de
999 4978 1079 5030 bomo
1094 4989 1143 5044 pro
1158 4978 1261 5045 pcccati
1283 4988 1360 5042 poena
1381 4984 1505 5040 utorrem,
1522 4972 1574 5029 boc
1593 4981 1637 5028 εει
1658 4984 1709 5042 pro
1725 4984 1788 5044 pec·

159 4990 253 5103 floria.
269 5053 314 5098 ant
329 5056 381 5098 nott
396 5042 430 5097 de
453 5041 533 5096 tiaris
556 5055 638 5097 etrus
666 5053 813 5110 asssumpta.
836 5042 944 5097 Ciuistn
996 5055 1057 5103 cato
1071 5059 1179 5118 perram
1199 5044 1295 5100 tironis
1307 5043 1475 5114 sustinuerit,
1490 5042 1790 5100 illudereniereaiors

159 5116 343 5188 euiurgcnito,
359 5122 385 5168 ει
397 5122 443 5167 εει
457 5112 555 5168 nonde
575 5111 657 5167 llaria
672 5125 827 5170 assumente
836 5128 944 5184 corpus,
998 5116 1172 5189 proprietatis
1195 5117 1275 5171 docta
1291 5118 1396 5171 ratione
1415 5122 1578 5186 argrrnrenr,
1600 5112 1729 5171 ridetioet
1754 5128 1788 5169 er

160 5189 253 5243 aotob
267 5185 525 5243 eademassumente
538 5197 658 5242 carnem.
672 5185 864 5239 arbitrabimur
884 5185 945 5250 ejus
998 5189 1098 5244 nullius
1121 5186 1236 5243 botuinis
1260 5187 1363 5243 semine
1389 5187 1471 5242 tatem
1498 5190 1618 5256 potuisse
1638 5184 1728 5250 ossei,
1741 5186 1790 5270 qni

160 5269 281 5324 naturas,
294 5268 361 5323 noas
375 5269 447 5339 sape
459 5253 586 5319 diximus,
606 5253 723 5309 divinam
738 5256 840 5311 scilicet
856 5266 883 5312 ει
897 5256 934 5310 lru
999 5257 1080 5315 inerit
1099 5258 1159 5314 sine
1185 5257 1313 5328 praedicta
1328 5271 1408 5328 prena
1435 5259 1543 5322 mortis,
1561 5270 1620 5327 εει
1633 5262 1679 5311 est
1695 5256 1790 5313 debita

160 5344 280 5394 manant,
293 5328 361 5383 ditas
374 5326 482 5398 quidem
499 5325 582 5381 luisse
596 5340 681 5395 usque
695 5325 759 5380 dum
780 5337 946 5399 resurgerem
999 5344 1078 5400 poetta
1091 5328 1228 5400 originalis
1243 5329 1354 5398 peceati.
1367 5328 1489 5384 Sensus:
1505 5328 1598 5383 Nullos
1610 5340 1730 5396 ortonam
1742 5338 1790 5395 ιε-

162 5411 222 5467 post
232 5400 456 5457 resurrectionem
471 5411 546 5457 sero,
560 5410 640 5450 onam
655 5412 687 5451 et
708 5397 811 5453 duabus
838 5398 850 5453 l
865 5408 947 5462 itam,
1004 5403 1075 5456 nitus
1087 5415 1135 5472 per
1153 5400 1397 5468 concupiscentiam
1416 5399 1514 5464 coitus,
1527 5400 1587 5455 sine
1597 5397 1790 5469 mortlspu

162 5472 197 5527 ita
212 5469 294 5542 (sicot
308 5469 464 5538 praecum
487 5468 539 5540 est)
551 5476 582 5523 ut
594 5467 697 5523 sri'icrt
722 5469 837 5525 bumana
855 5479 950 5525 natura
1004 5485 1065 5527 esse
1079 5472 1174 5541 potuit.
1188 5470 1216 5527 Si
1230 5469 1311 5543 igtur
1329 5484 1364 5537 ex
1379 5468 1453 5525 nullo
1469 5485 1555 5540 ponzo
1567 5468 1664 5525 nortis
1678 5476 1792 5541 propter

160 5555 214 5597 uon
228 5541 367 5596 manserit.
1002 5541 1160 5614 oigiuslem
1172 5548 1276 5599 testum
1299 5540 1426 5606 obnoxio,
1448 5543 1587 5599 tatiscam
1607 5548 1715 5611 sumpta
1735 5550 1791 5607 εει,

198 5611 351 5682 bannitur,
367 5608 432 5680 etc]
449 5609 575 5664 Errurcm
589 5608 716 5681 Eutpcltis
740 5612 774 5668 de
788 5614 891 5668 unitate
903 5625 949 5665 ua·
1005 5624 1077 5670 recte
1086 5613 1212 5679 luiertttr,
1226 5611 1297 5684 nord
1312 5626 1345 5669 es
1357 5611 1431 5667 nollo
1445 5611 1555 5668 bomine
1566 5618 1675 5682 ιιιιειιιι
1685 5618 1741 5667 εει.

163 5688 229 5735 turn
241 5682 339 5736 boristi
354 5682 488 5751 bucusque
504 5681 603 5749 posuit.
625 5681 701 5738 bunc
717 5694 859 5753 autequam
876 5682 949 5737 illum
1041 5682 1155 5752 dorent
1169 5694 1198 5739 st
1212 5682 1309 5738 nouiter
1321 5682 1439 5739 ritiestsr
1451 5698 1507 5739 ease
1518 5682 1640 5755 [ειιεειε.
1655 5678 1713 5737 Sed
1723 5680 1791 5745 flor.

163 5750 293 5816 destruat,
304 5760 397 5806 contra
408 5751 480 5806 illam
492 5752 645 5821 opinonem
659 5768 710 5824 rprra
726 5754 887 5825 putaretpttis
903 5766 950 5824 po·
1003 5752 1069 5849 etc.)
1083 5752 1132 5811 llle
1142 5754 1261 5813 breviter
1272 5755 1435 5827 lstrpeadrttti
1456 5754 1561 5811 videtu·
1571 5750 1643 5825 rard
1654 5750 1684 5809 ltt
1694 5752 1800 5827 altius·
