<?xml version="1.0" encoding="UTF-8"?>
<!DOCTYPE html PUBLIC "-//W3C//DTD XHTML 1.0 Transitional//EN"
    "http://www.w3.org/TR/xhtml1/DTD/xhtml1-transitional.dtd">
<html xmlns="http://www.w3.org/1999/xhtml" xml:lang="en" lang="en">
 <head>
  <title>
</title>
<meta http-equiv="Content-Type" content="text/html;charset=utf-8" />
  <meta name='ocr-system' content='tesseract 3.04.00' />
  <meta name='ocr-capabilities' content='ocr_page ocr_carea ocr_par ocr_line ocrx_word'/>
</head>
<body>
  <div class='ocr_page' id='page_1' title='image "./patrologiaecurs16goog_0209.png"; bbox 0 0 3968 6174; ppageno 0'>
   <div class='ocr_carea' id='block_1_1' title="bbox 182 337 231 401">
    <p class='ocr_par' dir='ltr' id='par_1_1' title="bbox 182 337 231 401">
     <span class='ocr_line' id='line_1_1' title="bbox 182 337 231 401; baseline 0 0"><span class='ocrx_word' id='word_1_1' title='bbox 182 337 231 401; x_wconf 78' lang='lat' dir='ltr'>llil</span> 
     </span>
    </p>
   </div>
   <div class='ocr_carea' id='block_1_2' title="bbox 792 339 1208 403">
    <p class='ocr_par' dir='ltr' id='par_1_2' title="bbox 792 339 1208 403">
     <span class='ocr_line' id='line_1_2' title="bbox 792 339 1208 403; baseline -0.007 0"><span class='ocrx_word' id='word_1_2' title='bbox 792 345 848 403; x_wconf 80' lang='grc' dir='ltr'>ΑΝ.</span> <span class='ocrx_word' id='word_1_3' title='bbox 868 340 973 398; x_wconf 75' lang='lat' dir='ltr'>omitt.</span> <span class='ocrx_word' id='word_1_4' title='bbox 995 339 1073 397; x_wconf 77' lang='lat' dir='ltr'>sev.</span> <span class='ocrx_word' id='word_1_5' title='bbox 1094 340 1208 401; x_wconf 73' lang='lat' dir='ltr'>eubuli</span> 
     </span>
    </p>
   </div>
   <div class='ocr_carea' id='block_1_3' title="bbox 1769 350 1823 409">
    <p class='ocr_par' dir='ltr' id='par_1_3' title="bbox 1769 350 1823 409">
     <span class='ocr_line' id='line_1_3' title="bbox 1769 350 1823 409; baseline 0.056 -3"><span class='ocrx_word' id='word_1_6' title='bbox 1769 350 1823 409; x_wconf 87' lang='lat' dir='ltr'>tlttt</span> 
     </span>
    </p>
   </div>
   <div class='ocr_carea' id='block_1_4' title="bbox 184 430 1857 534">
    <p class='ocr_par' dir='ltr' id='par_1_4' title="bbox 184 430 1857 534">
     <span class='ocr_line' id='line_1_4' title="bbox 184 430 1857 534; baseline 0.002 -18"><span class='ocrx_word' id='word_1_7' title='bbox 184 476 246 520; x_wconf 86' lang='lat' dir='ltr'>roro</span> <span class='ocrx_word' id='word_1_8' title='bbox 270 463 374 534; x_wconf 86' lang='lat' dir='ltr'>plenior</span> <span class='ocrx_word' id='word_1_9' title='bbox 394 464 565 532; x_wconf 76' lang='lat' dir='ltr'>superveniat</span> <span class='ocrx_word' id='word_1_10' title='bbox 588 463 752 528; x_wconf 86' lang='lat' dir='ltr'>intellectus,</span> <span class='ocrx_word' id='word_1_11' title='bbox 781 469 891 517; x_wconf 91' lang='lat' dir='ltr'>cunctas</span> <span class='ocrx_word' id='word_1_12' title='bbox 912 459 973 527; x_wconf 80' lang='lat' dir='ltr'>ejus</span> <span class='ocrx_word' id='word_1_13' title='bbox 986 459 1014 518; x_wconf 77' lang='grc' dir='ltr'><strong>Δ</strong></span> <span class='ocrx_word' id='word_1_14' title='bbox 1027 465 1090 513; x_wconf 85' lang='lat' dir='ltr'>eunt</span> <span class='ocrx_word' id='word_1_15' title='bbox 1104 456 1129 511; x_wconf 93' lang='lat' dir='ltr'>in</span> <span class='ocrx_word' id='word_1_16' title='bbox 1143 456 1232 512; x_wconf 83' lang='lat' dir='ltr'>aniana</span> <span class='ocrx_word' id='word_1_17' title='bbox 1241 458 1397 528; x_wconf 74' lang='lat' dir='ltr'><strong>passionum</strong></span> <span class='ocrx_word' id='word_1_18' title='bbox 1409 466 1523 526; x_wconf 83' lang='lat' dir='ltr'>notre,et</span> <span class='ocrx_word' id='word_1_19' title='bbox 1535 472 1567 514; x_wconf 86' lang='lat' dir='ltr'>ea</span> <span class='ocrx_word' id='word_1_20' title='bbox 1578 458 1661 515; x_wconf 87' lang='lat' dir='ltr'>rerba</span> <span class='ocrx_word' id='word_1_21' title='bbox 1675 467 1704 516; x_wconf 90' lang='lat' dir='ltr'>et</span> <span class='ocrx_word' id='word_1_22' title='bbox 1714 430 1832 521; x_wconf 66' lang='lat' dir='ltr'>uomina¹</span> <span class='ocrx_word' id='word_1_23' title='bbox 1852 440 1857 451; x_wconf 50' lang='lat'>⁸</span> 
     </span>
    </p>
   </div>
   <div class='ocr_carea' id='block_1_5' title="bbox 182 555 974 630">
    <p class='ocr_par' dir='ltr' id='par_1_5' title="bbox 182 555 974 630">
     <span class='ocr_line' id='line_1_5' title="bbox 182 555 974 630; baseline -0.005 -14"><span class='ocrx_word' id='word_1_24' title='bbox 182 560 319 630; x_wconf 77' lang='lat' dir='ltr'>explicans</span> <span class='ocrx_word' id='word_1_25' title='bbox 337 569 426 627; x_wconf 87' lang='lat' dir='ltr'>partes</span> <span class='ocrx_word' id='word_1_26' title='bbox 446 574 505 628; x_wconf 82' lang='lat' dir='ltr'>quu</span> <span class='ocrx_word' id='word_1_27' title='bbox 527 561 637 615; x_wconf 88' lang='lat' dir='ltr'>cotriuse</span> <span class='ocrx_word' id='word_1_28' title='bbox 657 559 763 615; x_wconf 89' lang='lat' dir='ltr'>inerant</span> <span class='ocrx_word' id='word_1_29' title='bbox 781 555 974 628; x_wconf 68' lang='lat' dir='ltr'>imaginatione</span> 
     </span>
    </p>
   </div>
   <div class='ocr_carea' id='block_1_6' title="bbox 182 648 1000 720">
    <p class='ocr_par' dir='ltr' id='par_1_6' title="bbox 182 648 1000 720">
     <span class='ocr_line' id='line_1_6' title="bbox 182 648 1000 720; baseline -0.009 -16"><span class='ocrx_word' id='word_1_30' title='bbox 182 660 360 719; x_wconf 68' lang='lat' dir='ltr'>praesumptae.</span> <span class='ocrx_word' id='word_1_31' title='bbox 374 652 503 715; x_wconf 84' lang='lat' dir='ltr'>Qttoeirca</span> <span class='ocrx_word' id='word_1_32' title='bbox 514 650 698 720; x_wconf 77' lang='lat' dir='ltr'>imperfectum</span> <span class='ocrx_word' id='word_1_33' title='bbox 712 648 837 720; x_wconf 88' lang='lat' dir='ltr'>quiddam</span> <span class='ocrx_word' id='word_1_34' title='bbox 853 657 894 703; x_wconf 90' lang='lat' dir='ltr'>est</span> <span class='ocrx_word' id='word_1_35' title='bbox 905 649 973 701; x_wconf 90' lang='lat' dir='ltr'>ima·</span> <span class='ocrx_word' id='word_1_36' title='bbox 997 692 1000 697; x_wconf 91' lang='lat'>.</span> 
     </span>
    </p>
   </div>
   <div class='ocr_carea' id='block_1_7' title="bbox 180 740 973 1275">
    <p class='ocr_par' dir='ltr' id='par_1_7' title="bbox 180 740 973 1275">
     <span class='ocr_line' id='line_1_7' title="bbox 180 740 972 814; baseline -0.003 -19"><span class='ocrx_word' id='word_1_37' title='bbox 180 743 291 814; x_wconf 86' lang='lat' dir='ltr'>ginatio.</span> <span class='ocrx_word' id='word_1_38' title='bbox 317 743 429 798; x_wconf 82' lang='lat' dir='ltr'>Nomine</span> <span class='ocrx_word' id='word_1_39' title='bbox 446 759 507 798; x_wconf 83' lang='lat' dir='ltr'>reru</span> <span class='ocrx_word' id='word_1_40' title='bbox 531 751 558 797; x_wconf 86' lang='lat' dir='ltr'>et</span> <span class='ocrx_word' id='word_1_41' title='bbox 580 744 662 798; x_wconf 77' lang='lat' dir='ltr'>rerba</span> <span class='ocrx_word' id='word_1_42' title='bbox 677 759 730 798; x_wconf 94' lang='lat' dir='ltr'>nou</span> <span class='ocrx_word' id='word_1_43' title='bbox 749 751 824 796; x_wconf 86' lang='lat' dir='ltr'>cttrta</span> <span class='ocrx_word' id='word_1_44' title='bbox 836 740 972 812; x_wconf 75' lang='lat' dir='ltr'>qtruuern,</span> 
     </span>
     <span class='ocr_line' id='line_1_8' title="bbox 181 831 973 904; baseline -0.006 -15"><span class='ocrx_word' id='word_1_45' title='bbox 181 835 227 889; x_wconf 88' lang='lat' dir='ltr'>scd</span> <span class='ocrx_word' id='word_1_46' title='bbox 243 835 360 902; x_wconf 85' lang='lat' dir='ltr'>perlecta</span> <span class='ocrx_word' id='word_1_47' title='bbox 375 832 543 904; x_wconf 88' lang='lat' dir='ltr'>signiircaut:</span> <span class='ocrx_word' id='word_1_48' title='bbox 559 849 642 904; x_wconf 87' lang='lat' dir='ltr'>quare</span> <span class='ocrx_word' id='word_1_49' title='bbox 656 843 726 888; x_wconf 88' lang='lat' dir='ltr'>recta</span> <span class='ocrx_word' id='word_1_50' title='bbox 742 831 894 888; x_wconf 79' lang='lat' dir='ltr'>Aristotelis</span> <span class='ocrx_word' id='word_1_51' title='bbox 907 846 973 886; x_wconf 86' lang='lat' dir='ltr'>sen·</span> 
     </span>
     <span class='ocr_line' id='line_1_9' title="bbox 182 924 973 994; baseline -0.006 -15"><span class='ocrx_word' id='word_1_52' title='bbox 182 927 263 979; x_wconf 90' lang='lat' dir='ltr'>tentia</span> <span class='ocrx_word' id='word_1_53' title='bbox 278 935 333 986; x_wconf 88' lang='lat' dir='ltr'>est,</span> <span class='ocrx_word' id='word_1_54' title='bbox 348 940 515 994; x_wconf 72' lang='lat' dir='ltr'>quacunque</span> <span class='ocrx_word' id='word_1_55' title='bbox 529 925 555 978; x_wconf 93' lang='lat' dir='ltr'>iu</span> <span class='ocrx_word' id='word_1_56' title='bbox 577 925 665 980; x_wconf 87' lang='lat' dir='ltr'>uerbis</span> <span class='ocrx_word' id='word_1_57' title='bbox 684 924 889 989; x_wconf 73' lang='lat' dir='ltr'>nominibusque</span> <span class='ocrx_word' id='word_1_58' title='bbox 912 937 973 975; x_wconf 87' lang='lat' dir='ltr'>rer·</span> 
     </span>
     <span class='ocr_line' id='line_1_10' title="bbox 181 1010 973 1086; baseline -0.01 -14"><span class='ocrx_word' id='word_1_59' title='bbox 181 1027 291 1082; x_wconf 80' lang='lat' dir='ltr'>saritur,</span> <span class='ocrx_word' id='word_1_60' title='bbox 304 1031 336 1071; x_wconf 89' lang='lat' dir='ltr'>ea</span> <span class='ocrx_word' id='word_1_61' title='bbox 354 1032 441 1086; x_wconf 90' lang='lat' dir='ltr'>neque</span> <span class='ocrx_word' id='word_1_62' title='bbox 454 1030 565 1080; x_wconf 88' lang='lat' dir='ltr'>sensus,</span> <span class='ocrx_word' id='word_1_63' title='bbox 585 1030 671 1084; x_wconf 89' lang='lat' dir='ltr'>neque</span> <span class='ocrx_word' id='word_1_64' title='bbox 692 1013 902 1084; x_wconf 70' lang='lat' dir='ltr'>imaginationis,</span> <span class='ocrx_word' id='word_1_65' title='bbox 924 1010 973 1064; x_wconf 88' lang='lat' dir='ltr'>sed</span> 
     </span>
     <span class='ocr_line' id='line_1_11' title="bbox 182 1104 972 1181; baseline -0.008 -15"><span class='ocrx_word' id='word_1_66' title='bbox 182 1114 266 1167; x_wconf 87' lang='lat' dir='ltr'>solam</span> <span class='ocrx_word' id='word_1_67' title='bbox 280 1111 433 1181; x_wconf 81' lang='lat' dir='ltr'>signiticaro</span> <span class='ocrx_word' id='word_1_68' title='bbox 445 1111 626 1167; x_wconf 72' lang='lat' dir='ltr'>intellectuum</span> <span class='ocrx_word' id='word_1_69' title='bbox 637 1108 801 1180; x_wconf 82' lang='lat' dir='ltr'>qutalitateut.</span> <span class='ocrx_word' id='word_1_70' title='bbox 819 1106 894 1163; x_wconf 82' lang='lat' dir='ltr'>Unde</span> <span class='ocrx_word' id='word_1_71' title='bbox 907 1104 972 1160; x_wconf 92' lang='lat' dir='ltr'>iliud</span> 
     </span>
     <span class='ocr_line' id='line_1_12' title="bbox 183 1200 972 1275; baseline -0.008 -17"><span class='ocrx_word' id='word_1_72' title='bbox 183 1219 290 1275; x_wconf 91' lang='lat' dir='ltr'>quoque</span> <span class='ocrx_word' id='word_1_73' title='bbox 301 1204 335 1258; x_wconf 86' lang='lat' dir='ltr'>ab</span> <span class='ocrx_word' id='word_1_74' title='bbox 350 1204 495 1260; x_wconf 79' lang='lat' dir='ltr'>Aristotele</span> <span class='ocrx_word' id='word_1_75' title='bbox 509 1206 621 1260; x_wconf 82' lang='lat' dir='ltr'>licentes</span> <span class='ocrx_word' id='word_1_76' title='bbox 635 1202 803 1272; x_wconf 81' lang='lat' dir='ltr'>Peripatetici</span> <span class='ocrx_word' id='word_1_77' title='bbox 823 1200 972 1256; x_wconf 82' lang='lat' dir='ltr'>rectissime</span> 
     </span>
    </p>
   </div>
   <div class='ocr_carea' id='block_1_8' title="bbox 185 1292 998 1368">
    <p class='ocr_par' dir='ltr' id='par_1_8' title="bbox 185 1292 998 1368">
     <span class='ocr_line' id='line_1_13' title="bbox 185 1292 998 1368; baseline -0.004 -18"><span class='ocrx_word' id='word_1_78' title='bbox 185 1310 312 1368; x_wconf 79' lang='lat' dir='ltr'>posuere,</span> <span class='ocrx_word' id='word_1_79' title='bbox 330 1308 385 1352; x_wconf 90' lang='lat' dir='ltr'>tres</span> <span class='ocrx_word' id='word_1_80' title='bbox 400 1312 460 1352; x_wconf 89' lang='lat' dir='ltr'>esse</span> <span class='ocrx_word' id='word_1_81' title='bbox 472 1299 623 1361; x_wconf 90' lang='lat' dir='ltr'>orationes,</span> <span class='ocrx_word' id='word_1_82' title='bbox 638 1310 717 1350; x_wconf 83' lang='lat' dir='ltr'>tunam</span> <span class='ocrx_word' id='word_1_83' title='bbox 731 1292 876 1364; x_wconf 76' lang='lat' dir='ltr'>qusescribi</span> <span class='ocrx_word' id='word_1_84' title='bbox 886 1292 974 1362; x_wconf 81' lang='lat' dir='ltr'>possit</span> <span class='ocrx_word' id='word_1_85' title='bbox 995 1338 998 1347; x_wconf 95' lang='lat'>.</span> 
     </span>
    </p>
   </div>
   <div class='ocr_carea' id='block_1_9' title="bbox 181 1389 973 1461">
    <p class='ocr_par' dir='ltr' id='par_1_9' title="bbox 181 1389 973 1461">
     <span class='ocr_line' id='line_1_14' title="bbox 181 1389 973 1461; baseline -0.008 -17"><span class='ocrx_word' id='word_1_86' title='bbox 181 1390 292 1456; x_wconf 85' lang='lat' dir='ltr'>litteris,</span> <span class='ocrx_word' id='word_1_87' title='bbox 310 1391 421 1446; x_wconf 87' lang='lat' dir='ltr'>alteram</span> <span class='ocrx_word' id='word_1_88' title='bbox 437 1407 497 1461; x_wconf 76' lang='lat' dir='ltr'>quae</span> <span class='ocrx_word' id='word_1_89' title='bbox 510 1406 577 1445; x_wconf 87' lang='lat' dir='ltr'>rncc</span> <span class='ocrx_word' id='word_1_90' title='bbox 589 1389 714 1461; x_wconf 80' lang='lat' dir='ltr'>proferri,</span> <span class='ocrx_word' id='word_1_91' title='bbox 731 1389 835 1443; x_wconf 85' lang='lat' dir='ltr'>tertiam</span> <span class='ocrx_word' id='word_1_92' title='bbox 850 1402 908 1456; x_wconf 85' lang='lat' dir='ltr'>quae</span> <span class='ocrx_word' id='word_1_93' title='bbox 923 1400 973 1439; x_wconf 91' lang='lat' dir='ltr'>co-</span> 
     </span>
    </p>
   </div>
   <div class='ocr_carea' id='block_1_10' title="bbox 181 1478 999 1552">
    <p class='ocr_par' dir='ltr' id='par_1_10' title="bbox 181 1478 999 1552">
     <span class='ocr_line' id='line_1_15' title="bbox 181 1478 999 1552; baseline -0.01 -16"><span class='ocrx_word' id='word_1_94' title='bbox 181 1482 307 1552; x_wconf 88' lang='lat' dir='ltr'>gitatione</span> <span class='ocrx_word' id='word_1_95' title='bbox 318 1486 497 1548; x_wconf 88' lang='lat' dir='ltr'>connectitur,</span> <span class='ocrx_word' id='word_1_96' title='bbox 510 1496 642 1552; x_wconf 85' lang='lat' dir='ltr'>unamque</span> <span class='ocrx_word' id='word_1_97' title='bbox 656 1479 846 1544; x_wconf 83' lang='lat' dir='ltr'>intellectibus,</span> <span class='ocrx_word' id='word_1_98' title='bbox 859 1478 971 1531; x_wconf 89' lang='lat' dir='ltr'>aiteram</span> <span class='ocrx_word' id='word_1_99' title='bbox 996 1506 999 1513; x_wconf 88' lang='lat'>-</span> 
     </span>
    </p>
   </div>
   <div class='ocr_carea' id='block_1_11' title="bbox 181 1565 973 1829">
    <p class='ocr_par' dir='ltr' id='par_1_11' title="bbox 181 1565 973 1829">
     <span class='ocr_line' id='line_1_16' title="bbox 181 1565 973 1638; baseline -0.01 -10"><span class='ocrx_word' id='word_1_100' title='bbox 181 1588 257 1637; x_wconf 78' lang='lat' dir='ltr'>voce,</span> <span class='ocrx_word' id='word_1_101' title='bbox 271 1577 377 1629; x_wconf 91' lang='lat' dir='ltr'>tertiam</span> <span class='ocrx_word' id='word_1_102' title='bbox 394 1575 490 1629; x_wconf 88' lang='lat' dir='ltr'>litteris</span> <span class='ocrx_word' id='word_1_103' title='bbox 504 1572 647 1628; x_wconf 86' lang='lat' dir='ltr'>contineri.</span> <span class='ocrx_word' id='word_1_104' title='bbox 662 1571 792 1638; x_wconf 76' lang='lat' dir='ltr'>Quocirca</span> <span class='ocrx_word' id='word_1_105' title='bbox 806 1568 930 1635; x_wconf 87' lang='lat' dir='ltr'>quoniam</span> <span class='ocrx_word' id='word_1_106' title='bbox 944 1565 973 1620; x_wconf 91' lang='lat' dir='ltr'>id</span> 
     </span>
     <span class='ocr_line' id='line_1_17' title="bbox 181 1661 972 1737; baseline -0.013 -15"><span class='ocrx_word' id='word_1_107' title='bbox 181 1667 252 1737; x_wconf 93' lang='lat' dir='ltr'>quod</span> <span class='ocrx_word' id='word_1_108' title='bbox 265 1667 460 1737; x_wconf 83' lang='lat' dir='ltr'>significaretur</span> <span class='ocrx_word' id='word_1_109' title='bbox 473 1682 488 1721; x_wconf 92' lang='lat' dir='ltr'>a</span> <span class='ocrx_word' id='word_1_110' title='bbox 503 1667 613 1720; x_wconf 77' lang='lat' dir='ltr'>vocibus</span> <span class='ocrx_word' id='word_1_111' title='bbox 627 1666 777 1719; x_wconf 89' lang='lat' dir='ltr'>intellectus</span> <span class='ocrx_word' id='word_1_112' title='bbox 791 1676 851 1717; x_wconf 92' lang='lat' dir='ltr'>esse</span> <span class='ocrx_word' id='word_1_113' title='bbox 865 1661 972 1714; x_wconf 82' lang='lat' dir='ltr'>Aristo·</span> 
     </span>
     <span class='ocr_line' id='line_1_18' title="bbox 181 1749 973 1829; baseline -0.011 -15"><span class='ocrx_word' id='word_1_114' title='bbox 181 1760 249 1814; x_wconf 89' lang='lat' dir='ltr'>teies</span> <span class='ocrx_word' id='word_1_115' title='bbox 274 1760 401 1829; x_wconf 88' lang='lat' dir='ltr'>putabat,</span> <span class='ocrx_word' id='word_1_116' title='bbox 425 1759 531 1813; x_wconf 92' lang='lat' dir='ltr'>nomina</span> <span class='ocrx_word' id='word_1_117' title='bbox 554 1771 619 1812; x_wconf 85' lang='lat' dir='ltr'>vero</span> <span class='ocrx_word' id='word_1_118' title='bbox 639 1765 667 1811; x_wconf 90' lang='lat' dir='ltr'>et</span> <span class='ocrx_word' id='word_1_119' title='bbox 690 1755 771 1810; x_wconf 86' lang='lat' dir='ltr'>verba</span> <span class='ocrx_word' id='word_1_120' title='bbox 795 1749 973 1822; x_wconf 76' lang='lat' dir='ltr'>signilicatira</span> 
     </span>
    </p>
   </div>
   <div class='ocr_carea' id='block_1_12' title="bbox 1027 549 1892 1818">
    <p class='ocr_par' dir='ltr' id='par_1_12' title="bbox 1027 549 1892 1818">
     <span class='ocr_line' id='line_1_19' title="bbox 1028 549 1822 632; baseline 0.006 -27"><span class='ocrx_word' id='word_1_121' title='bbox 1028 566 1089 621; x_wconf 79' lang='lat' dir='ltr'>quar</span> <span class='ocrx_word' id='word_1_122' title='bbox 1100 549 1257 606; x_wconf 83' lang='lat' dir='ltr'>scribuntur</span> <span class='ocrx_word' id='word_1_123' title='bbox 1272 566 1365 606; x_wconf 91' lang='lat' dir='ltr'>eorum</span> <span class='ocrx_word' id='word_1_124' title='bbox 1390 552 1535 607; x_wconf 86' lang='lat' dir='ltr'>uerborum</span> <span class='ocrx_word' id='word_1_125' title='bbox 1555 563 1582 609; x_wconf 91' lang='lat' dir='ltr'>et</span> <span class='ocrx_word' id='word_1_126' title='bbox 1605 555 1744 612; x_wconf 92' lang='lat' dir='ltr'>nominum</span> <span class='ocrx_word' id='word_1_127' title='bbox 1762 576 1822 632; x_wconf 57' lang='lat' dir='ltr'>qne</span> 
     </span>
     <span class='ocr_line' id='line_1_20' title="bbox 1027 643 1820 719; baseline 0.015 -24"><span class='ocrx_word' id='word_1_128' title='bbox 1027 652 1090 696; x_wconf 91' lang='lat' dir='ltr'>sunt</span> <span class='ocrx_word' id='word_1_129' title='bbox 1101 643 1128 696; x_wconf 94' lang='lat' dir='ltr'>in</span> <span class='ocrx_word' id='word_1_130' title='bbox 1139 656 1221 698; x_wconf 83' lang='lat' dir='ltr'>noce:</span> <span class='ocrx_word' id='word_1_131' title='bbox 1235 643 1306 714; x_wconf 90' lang='lat' dir='ltr'>quod</span> <span class='ocrx_word' id='word_1_132' title='bbox 1320 645 1757 719; x_wconf 77' lang='lat' dir='ltr'>communitersubintelligendum</span> <span class='ocrx_word' id='word_1_133' title='bbox 1768 660 1820 708; x_wconf 71' lang='lat' dir='ltr'>eet.</span> 
     </span>
     <span class='ocr_line' id='line_1_21' title="bbox 1027 734 1823 809; baseline 0.011 -21"><span class='ocrx_word' id='word_1_134' title='bbox 1027 734 1089 789; x_wconf 91' lang='lat' dir='ltr'>licet</span> <span class='ocrx_word' id='word_1_135' title='bbox 1099 748 1133 789; x_wconf 89' lang='lat' dir='ltr'>ea</span> <span class='ocrx_word' id='word_1_136' title='bbox 1142 750 1203 805; x_wconf 78' lang='lat' dir='ltr'>quae</span> <span class='ocrx_word' id='word_1_137' title='bbox 1214 735 1400 805; x_wconf 85' lang='lat' dir='ltr'>subjunximus</span> <span class='ocrx_word' id='word_1_138' title='bbox 1410 737 1504 793; x_wconf 81' lang='lat' dir='ltr'>deesse</span> <span class='ocrx_word' id='word_1_139' title='bbox 1513 738 1668 801; x_wconf 84' lang='lat' dir='ltr'>uideantur;</span> <span class='ocrx_word' id='word_1_140' title='bbox 1676 755 1758 809; x_wconf 91' lang='lat' dir='ltr'>quare</span> <span class='ocrx_word' id='word_1_141' title='bbox 1769 757 1823 797; x_wconf 92' lang='lat' dir='ltr'>uon</span> 
     </span>
     <span class='ocr_line' id='line_1_22' title="bbox 1027 826 1823 901; baseline 0.01 -21"><span class='ocrx_word' id='word_1_142' title='bbox 1027 839 1070 881; x_wconf 85' lang='lat' dir='ltr'>est</span> <span class='ocrx_word' id='word_1_143' title='bbox 1083 826 1219 897; x_wconf 88' lang='lat' dir='ltr'>disjuncta</span> <span class='ocrx_word' id='word_1_144' title='bbox 1229 829 1379 896; x_wconf 90' lang='lat' dir='ltr'>sententia,</span> <span class='ocrx_word' id='word_1_145' title='bbox 1395 830 1443 883; x_wconf 91' lang='lat' dir='ltr'>sed</span> <span class='ocrx_word' id='word_1_146' title='bbox 1458 831 1550 899; x_wconf 72' lang='lat' dir='ltr'>primae</span> <span class='ocrx_word' id='word_1_147' title='bbox 1565 833 1741 901; x_wconf 89' lang='lat' dir='ltr'>propositioni</span> <span class='ocrx_word' id='word_1_148' title='bbox 1755 848 1823 890; x_wconf 93' lang='lat' dir='ltr'>con·</span> 
     </span>
     <span class='ocr_line' id='line_1_23' title="bbox 1028 917 1822 993; baseline 0.014 -22"><span class='ocrx_word' id='word_1_149' title='bbox 1028 917 1113 973; x_wconf 91' lang='lat' dir='ltr'>tinua.</span> <span class='ocrx_word' id='word_1_150' title='bbox 1130 918 1196 975; x_wconf 85' lang='lat' dir='ltr'>liam</span> <span class='ocrx_word' id='word_1_151' title='bbox 1218 934 1279 975; x_wconf 89' lang='lat' dir='ltr'>cum</span> <span class='ocrx_word' id='word_1_152' title='bbox 1300 921 1364 991; x_wconf 89' lang='lat' dir='ltr'>quid</span> <span class='ocrx_word' id='word_1_153' title='bbox 1386 922 1421 977; x_wconf 92' lang='lat' dir='ltr'>sit</span> <span class='ocrx_word' id='word_1_154' title='bbox 1445 922 1574 990; x_wconf 87' lang='lat' dir='ltr'>terbum,</span> <span class='ocrx_word' id='word_1_155' title='bbox 1589 931 1617 979; x_wconf 93' lang='lat' dir='ltr'>et</span> <span class='ocrx_word' id='word_1_156' title='bbox 1637 925 1699 993; x_wconf 91' lang='lat' dir='ltr'>quid</span> <span class='ocrx_word' id='word_1_157' title='bbox 1723 941 1822 982; x_wconf 92' lang='lat' dir='ltr'>nomeu</span> 
     </span>
     <span class='ocr_line' id='line_1_24' title="bbox 1028 1011 1824 1079; baseline 0.008 -13"><span class='ocrx_word' id='word_1_158' title='bbox 1028 1011 1148 1067; x_wconf 89' lang='lat' dir='ltr'>diiiinire</span> <span class='ocrx_word' id='word_1_159' title='bbox 1161 1013 1315 1079; x_wconf 86' lang='lat' dir='ltr'>coustituit,</span> <span class='ocrx_word' id='word_1_160' title='bbox 1329 1030 1390 1069; x_wconf 87' lang='lat' dir='ltr'>curn</span> <span class='ocrx_word' id='word_1_161' title='bbox 1407 1017 1523 1071; x_wconf 87' lang='lat' dir='ltr'>numinis</span> <span class='ocrx_word' id='word_1_162' title='bbox 1538 1026 1565 1072; x_wconf 89' lang='lat' dir='ltr'>et</span> <span class='ocrx_word' id='word_1_163' title='bbox 1580 1017 1654 1073; x_wconf 86' lang='lat' dir='ltr'>rerlri</span> <span class='ocrx_word' id='word_1_164' title='bbox 1677 1028 1771 1074; x_wconf 89' lang='lat' dir='ltr'>natura</span> <span class='ocrx_word' id='word_1_165' title='bbox 1787 1018 1824 1073; x_wconf 91' lang='lat' dir='ltr'>sit</span> 
     </span>
     <span class='ocr_line' id='line_1_25' title="bbox 1028 1096 1823 1175; baseline 0.009 -17"><span class='ocrx_word' id='word_1_166' title='bbox 1028 1103 1177 1173; x_wconf 80' lang='lat' dir='ltr'>multiplex,</span> <span class='ocrx_word' id='word_1_167' title='bbox 1194 1104 1301 1175; x_wconf 77' lang='lat' dir='ltr'>dequo</span> <span class='ocrx_word' id='word_1_168' title='bbox 1321 1107 1429 1162; x_wconf 85' lang='lat' dir='ltr'>nouriue</span> <span class='ocrx_word' id='word_1_169' title='bbox 1447 1116 1474 1162; x_wconf 90' lang='lat' dir='ltr'>et</span> <span class='ocrx_word' id='word_1_170' title='bbox 1497 1110 1581 1164; x_wconf 84' lang='lat' dir='ltr'>verbo</span> <span class='ocrx_word' id='word_1_171' title='bbox 1599 1117 1713 1165; x_wconf 85' lang='lat' dir='ltr'>tractare</span> <span class='ocrx_word' id='word_1_172' title='bbox 1739 1096 1823 1166; x_wconf 83' lang='lat' dir='ltr'>uellet</span> 
     </span>
     <span class='ocr_line' id='line_1_26' title="bbox 1029 1194 1822 1271; baseline 0.018 -26"><span class='ocrx_word' id='word_1_173' title='bbox 1029 1194 1100 1247; x_wconf 89' lang='lat' dir='ltr'>clara</span> <span class='ocrx_word' id='word_1_174' title='bbox 1116 1194 1311 1265; x_wconf 80' lang='lat' dir='ltr'>significatione</span> <span class='ocrx_word' id='word_1_175' title='bbox 1327 1196 1456 1252; x_wconf 77' lang='lat' dir='ltr'>distinxit.</span> <span class='ocrx_word' id='word_1_176' title='bbox 1477 1199 1609 1268; x_wconf 89' lang='lat' dir='ltr'>incipieus</span> <span class='ocrx_word' id='word_1_177' title='bbox 1628 1200 1708 1271; x_wconf 86' lang='lat' dir='ltr'>igitur</span> <span class='ocrx_word' id='word_1_178' title='bbox 1729 1202 1764 1256; x_wconf 88' lang='lat' dir='ltr'>ab</span> <span class='ocrx_word' id='word_1_179' title='bbox 1778 1201 1822 1259; x_wconf 85' lang='lat' dir='ltr'>bis</span> 
     </span>
     <span class='ocr_line' id='line_1_27' title="bbox 1029 1280 1838 1362; baseline 0.016 -26"><span class='ocrx_word' id='word_1_180' title='bbox 1029 1280 1182 1339; x_wconf 74' lang='lat' dir='ltr'>nominibus</span> <span class='ocrx_word' id='word_1_181' title='bbox 1195 1295 1223 1340; x_wconf 92' lang='lat' dir='ltr'>et</span> <span class='ocrx_word' id='word_1_182' title='bbox 1234 1287 1326 1344; x_wconf 82' lang='lat' dir='ltr'>uerbis</span> <span class='ocrx_word' id='word_1_183' title='bbox 1336 1303 1396 1358; x_wconf 73' lang='lat' dir='ltr'>quse</span> <span class='ocrx_word' id='word_1_184' title='bbox 1406 1291 1431 1344; x_wconf 92' lang='lat' dir='ltr'>iu</span> <span class='ocrx_word' id='word_1_185' title='bbox 1445 1304 1510 1345; x_wconf 86' lang='lat' dir='ltr'>voce</span> <span class='ocrx_word' id='word_1_186' title='bbox 1523 1300 1595 1357; x_wconf 91' lang='lat' dir='ltr'>sunt,</span> <span class='ocrx_word' id='word_1_187' title='bbox 1605 1307 1717 1362; x_wconf 93' lang='lat' dir='ltr'>quorum</span> <span class='ocrx_word' id='word_1_188' title='bbox 1728 1284 1838 1348; x_wconf 83' lang='lat' dir='ltr'>esseut</span> 
     </span>
     <span class='ocr_line' id='line_1_28' title="bbox 1028 1375 1839 1465; baseline 0.012 -36"><span class='ocrx_word' id='word_1_189' title='bbox 1028 1375 1203 1445; x_wconf 87' lang='lat' dir='ltr'>signitiealiua</span> <span class='ocrx_word' id='word_1_190' title='bbox 1217 1377 1354 1434; x_wconf 86' lang='lat' dir='ltr'>disseruit.</span> <span class='ocrx_word' id='word_1_191' title='bbox 1368 1381 1412 1434; x_wconf 79' lang='lat' dir='ltr'>Ait</span> <span class='ocrx_word' id='word_1_192' title='bbox 1423 1381 1494 1436; x_wconf 91' lang='lat' dir='ltr'>enim</span> <span class='ocrx_word' id='word_1_193' title='bbox 1506 1380 1564 1436; x_wconf 74' lang='lat' dir='ltr'>irrue</span> <span class='ocrx_word' id='word_1_194' title='bbox 1575 1383 1712 1451; x_wconf 89' lang='lat' dir='ltr'>passiones</span> <span class='ocrx_word' id='word_1_195' title='bbox 1724 1382 1839 1465; x_wconf 41' lang='lat' dir='ltr'>animae·</span> 
     </span>
     <span class='ocr_line' id='line_1_29' title="bbox 1027 1460 1823 1544; baseline 0.014 -24"><span class='ocrx_word' id='word_1_196' title='bbox 1027 1467 1180 1537; x_wconf 88' lang='lat' dir='ltr'>designare.</span> <span class='ocrx_word' id='word_1_197' title='bbox 1199 1469 1267 1524; x_wconf 92' lang='lat' dir='ltr'>lllud</span> <span class='ocrx_word' id='word_1_198' title='bbox 1284 1487 1391 1541; x_wconf 89' lang='lat' dir='ltr'>quoque</span> <span class='ocrx_word' id='word_1_199' title='bbox 1410 1472 1509 1543; x_wconf 77' lang='lat' dir='ltr'>adJecit</span> <span class='ocrx_word' id='word_1_200' title='bbox 1523 1460 1620 1543; x_wconf 87' lang='lat' dir='ltr'>quibus</span> <span class='ocrx_word' id='word_1_201' title='bbox 1640 1475 1696 1544; x_wconf 90' lang='lat' dir='ltr'>ipsa</span> <span class='ocrx_word' id='word_1_202' title='bbox 1712 1475 1823 1531; x_wconf 82' lang='lat' dir='ltr'>uomina</span> 
     </span>
     <span class='ocr_line' id='line_1_30' title="bbox 1028 1559 1824 1636; baseline 0.015 -22"><span class='ocrx_word' id='word_1_203' title='bbox 1028 1559 1145 1614; x_wconf 87' lang='lat' dir='ltr'>etverba</span> <span class='ocrx_word' id='word_1_204' title='bbox 1162 1575 1221 1628; x_wconf 78' lang='lat' dir='ltr'>quer</span> <span class='ocrx_word' id='word_1_205' title='bbox 1248 1561 1274 1616; x_wconf 92' lang='lat' dir='ltr'>in</span> <span class='ocrx_word' id='word_1_206' title='bbox 1295 1578 1360 1617; x_wconf 84' lang='lat' dir='ltr'>uoce</span> <span class='ocrx_word' id='word_1_207' title='bbox 1381 1573 1444 1618; x_wconf 89' lang='lat' dir='ltr'>sunt</span> <span class='ocrx_word' id='word_1_208' title='bbox 1461 1565 1646 1636; x_wconf 83' lang='lat' dir='ltr'>designentur,</span> <span class='ocrx_word' id='word_1_209' title='bbox 1662 1566 1703 1622; x_wconf 87' lang='lat' dir='ltr'>bis</span> <span class='ocrx_word' id='word_1_210' title='bbox 1718 1566 1824 1626; x_wconf 80' lang='lat' dir='ltr'>scilicet</span> 
     </span>
     <span class='ocr_line' id='line_1_31' title="bbox 1027 1650 1823 1728; baseline 0.011 -24"><span class='ocrx_word' id='word_1_211' title='bbox 1027 1666 1088 1720; x_wconf 77' lang='lat' dir='ltr'>quae</span> <span class='ocrx_word' id='word_1_212' title='bbox 1103 1650 1252 1708; x_wconf 90' lang='lat' dir='ltr'>litterarum</span> <span class='ocrx_word' id='word_1_213' title='bbox 1268 1653 1391 1710; x_wconf 92' lang='lat' dir='ltr'>lormulis</span> <span class='ocrx_word' id='word_1_214' title='bbox 1413 1656 1611 1725; x_wconf 89' lang='lat' dir='ltr'>exprimuntur.</span> <span class='ocrx_word' id='word_1_215' title='bbox 1627 1658 1823 1728; x_wconf 81' lang='lat' dir='ltr'>sedquoniam</span> 
     </span>
     <span class='ocr_line' id='line_1_32' title="bbox 1027 1747 1892 1818; baseline 0.008 -19"><span class='ocrx_word' id='word_1_216' title='bbox 1027 1759 1083 1799; x_wconf 91' lang='lat' dir='ltr'>uou</span> <span class='ocrx_word' id='word_1_217' title='bbox 1097 1747 1185 1801; x_wconf 87' lang='lat' dir='ltr'>onrttis</span> <span class='ocrx_word' id='word_1_218' title='bbox 1204 1763 1254 1803; x_wconf 85' lang='lat' dir='ltr'>ror</span> <span class='ocrx_word' id='word_1_219' title='bbox 1268 1749 1444 1818; x_wconf 85' lang='lat' dir='ltr'>sigmitcatira</span> <span class='ocrx_word' id='word_1_220' title='bbox 1457 1760 1509 1815; x_wconf 88' lang='lat' dir='ltr'>est,</span> <span class='ocrx_word' id='word_1_221' title='bbox 1531 1749 1613 1805; x_wconf 85' lang='lat' dir='ltr'>rerba</span> <span class='ocrx_word' id='word_1_222' title='bbox 1627 1759 1716 1806; x_wconf 90' lang='lat' dir='ltr'>autem</span> <span class='ocrx_word' id='word_1_223' title='bbox 1730 1758 1759 1806; x_wconf 92' lang='lat' dir='ltr'>et</span> <span class='ocrx_word' id='word_1_224' title='bbox 1772 1765 1822 1805; x_wconf 79' lang='lat' dir='ltr'>eo-</span> <span class='ocrx_word' id='word_1_225' title='bbox 1887 1786 1892 1794; x_wconf 86' lang='lat'><em>·</em></span> 
     </span>
    </p>
   </div>
   <div class='ocr_carea' id='block_1_13' title="bbox 180 1827 1822 1917">
    <p class='ocr_par' dir='ltr' id='par_1_13' title="bbox 180 1827 1822 1917">
     <span class='ocr_line' id='line_1_33' title="bbox 180 1827 1822 1917; baseline -0.005 -9"><span class='ocrx_word' id='word_1_226' title='bbox 180 1866 240 1908; x_wconf 84' lang='lat' dir='ltr'>esse</span> <span class='ocrx_word' id='word_1_227' title='bbox 263 1852 290 1907; x_wconf 92' lang='lat' dir='ltr'>in</span> <span class='ocrx_word' id='word_1_228' title='bbox 313 1868 407 1908; x_wconf 90' lang='lat' dir='ltr'>eorum</span> <span class='ocrx_word' id='word_1_229' title='bbox 428 1861 486 1907; x_wconf 89' lang='lat' dir='ltr'>erat</span> <span class='ocrx_word' id='word_1_230' title='bbox 507 1851 710 1906; x_wconf 84' lang='lat' dir='ltr'>diiltttitiouiltus</span> <span class='ocrx_word' id='word_1_231' title='bbox 731 1847 882 1917; x_wconf 87' lang='lat' dir='ltr'>positurus,</span> <span class='ocrx_word' id='word_1_232' title='bbox 897 1853 974 1901; x_wconf 86' lang='lat' dir='ltr'>recte</span> <span class='ocrx_word' id='word_1_233' title='bbox 988 1827 1016 1891; x_wconf 72' lang='lat' dir='ltr'>l</span> <span class='ocrx_word' id='word_1_234' title='bbox 1030 1842 1102 1896; x_wconf 88' lang='lat' dir='ltr'>mitta</span> <span class='ocrx_word' id='word_1_235' title='bbox 1114 1857 1249 1913; x_wconf 91' lang='lat' dir='ltr'>nunquam</span> <span class='ocrx_word' id='word_1_236' title='bbox 1263 1843 1503 1912; x_wconf 85' lang='lat' dir='ltr'>significationibus</span> <span class='ocrx_word' id='word_1_237' title='bbox 1518 1853 1627 1909; x_wconf 87' lang='lat' dir='ltr'>careut;</span> <span class='ocrx_word' id='word_1_238' title='bbox 1640 1843 1822 1914; x_wconf 69' lang='lat' dir='ltr'>quoniamque</span> 
     </span>
    </p>
   </div>
   <div class='ocr_carea' id='block_1_14' title="bbox 179 1941 994 3207">
    <p class='ocr_par' dir='ltr' id='par_1_14' title="bbox 179 1941 994 3207">
     <span class='ocr_line' id='line_1_34' title="bbox 180 1941 973 2016; baseline -0.006 -17"><span class='ocrx_word' id='word_1_239' title='bbox 180 1960 293 2016; x_wconf 91' lang='lat' dir='ltr'>quorum</span> <span class='ocrx_word' id='word_1_240' title='bbox 318 1954 410 2001; x_wconf 80' lang='lat' dir='ltr'>essent</span> <span class='ocrx_word' id='word_1_241' title='bbox 431 1946 609 2015; x_wconf 80' lang='lat' dir='ltr'>significativa</span> <span class='ocrx_word' id='word_1_242' title='bbox 632 1941 770 2012; x_wconf 69' lang='lat' dir='ltr'>praedicit,</span> <span class='ocrx_word' id='word_1_243' title='bbox 798 1953 973 2009; x_wconf 84' lang='lat' dir='ltr'>erroremque</span> 
     </span>
     <span class='ocr_line' id='line_1_35' title="bbox 186 2032 994 2104; baseline -0.009 -14"><span class='ocrx_word' id='word_1_244' title='bbox 186 2035 298 2091; x_wconf 89' lang='lat' dir='ltr'>lectoris</span> <span class='ocrx_word' id='word_1_245' title='bbox 309 2051 341 2092; x_wconf 83' lang='lat' dir='ltr'>er</span> <span class='ocrx_word' id='word_1_246' title='bbox 355 2035 491 2104; x_wconf 87' lang='lat' dir='ltr'>multiplici</span> <span class='ocrx_word' id='word_1_247' title='bbox 507 2044 627 2090; x_wconf 88' lang='lat' dir='ltr'>ueterum</span> <span class='ocrx_word' id='word_1_248' title='bbox 642 2034 688 2087; x_wconf 89' lang='lat' dir='ltr'>bte</span> <span class='ocrx_word' id='word_1_249' title='bbox 700 2032 851 2087; x_wconf 82' lang='lat' dir='ltr'>uenientem</span> <span class='ocrx_word' id='word_1_250' title='bbox 864 2040 974 2084; x_wconf 89' lang='lat' dir='ltr'>senteu-</span> <span class='ocrx_word' id='word_1_251' title='bbox 990 2052 994 2063; x_wconf 90' lang='lat'><strong>·</strong></span> 
     </span>
     <span class='ocr_line' id='line_1_36' title="bbox 180 2123 974 2198; baseline -0.011 -11"><span class='ocrx_word' id='word_1_252' title='bbox 180 2133 225 2187; x_wconf 81' lang='lat' dir='ltr'>tite</span> <span class='ocrx_word' id='word_1_253' title='bbox 238 2148 294 2188; x_wconf 79' lang='lat' dir='ltr'>suae</span> <span class='ocrx_word' id='word_1_254' title='bbox 307 2131 525 2187; x_wconf 90' lang='lat' dir='ltr'>maniiestatione</span> <span class='ocrx_word' id='word_1_255' title='bbox 534 2127 716 2198; x_wconf 67' lang='lat' dir='ltr'>compescuit,</span> <span class='ocrx_word' id='word_1_256' title='bbox 731 2136 811 2193; x_wconf 86' lang='lat' dir='ltr'>atque</span> <span class='ocrx_word' id='word_1_257' title='bbox 824 2124 876 2178; x_wconf 90' lang='lat' dir='ltr'>lroc</span> <span class='ocrx_word' id='word_1_258' title='bbox 891 2123 974 2178; x_wconf 90' lang='lat' dir='ltr'>modo</span> 
     </span>
     <span class='ocr_line' id='line_1_37' title="bbox 180 2212 973 2293; baseline -0.014 -14"><span class='ocrx_word' id='word_1_259' title='bbox 180 2224 248 2280; x_wconf 89' lang='lat' dir='ltr'>uiltil</span> <span class='ocrx_word' id='word_1_260' title='bbox 262 2224 289 2279; x_wconf 94' lang='lat' dir='ltr'>iu</span> <span class='ocrx_word' id='word_1_261' title='bbox 304 2238 337 2279; x_wconf 95' lang='lat' dir='ltr'>eo</span> <span class='ocrx_word' id='word_1_262' title='bbox 351 2222 562 2293; x_wconf 85' lang='lat' dir='ltr'>deprehenditur</span> <span class='ocrx_word' id='word_1_263' title='bbox 576 2233 637 2275; x_wconf 91' lang='lat' dir='ltr'>esse</span> <span class='ocrx_word' id='word_1_264' title='bbox 656 2216 838 2286; x_wconf 87' lang='lat' dir='ltr'>superductu,</span> <span class='ocrx_word' id='word_1_265' title='bbox 852 2212 973 2282; x_wconf 87' lang='lat' dir='ltr'>nihilque</span> 
     </span>
     <span class='ocr_line' id='line_1_38' title="bbox 180 2306 974 2378; baseline -0.016 -8"><span class='ocrx_word' id='word_1_266' title='bbox 180 2313 216 2370; x_wconf 86' lang='lat' dir='ltr'>ab</span> <span class='ocrx_word' id='word_1_267' title='bbox 238 2315 341 2370; x_wconf 92' lang='lat' dir='ltr'>ordinis</span> <span class='ocrx_word' id='word_1_268' title='bbox 363 2313 565 2369; x_wconf 82' lang='lat' dir='ltr'>continuatione</span> <span class='ocrx_word' id='word_1_269' title='bbox 592 2308 752 2378; x_wconf 75' lang='lat' dir='ltr'>sejunctum.</span> <span class='ocrx_word' id='word_1_270' title='bbox 781 2306 882 2372; x_wconf 77' lang='lat' dir='ltr'>Quaerit</span> <span class='ocrx_word' id='word_1_271' title='bbox 909 2317 974 2357; x_wconf 85' lang='lat' dir='ltr'>rero</span> 
     </span>
     <span class='ocr_line' id='line_1_39' title="bbox 180 2400 974 2477; baseline -0.015 -17"><span class='ocrx_word' id='word_1_272' title='bbox 180 2404 345 2477; x_wconf 82' lang='lat' dir='ltr'>Porphyrius</span> <span class='ocrx_word' id='word_1_273' title='bbox 356 2419 405 2459; x_wconf 91' lang='lat' dir='ltr'>cur</span> <span class='ocrx_word' id='word_1_274' title='bbox 419 2405 455 2458; x_wconf 91' lang='lat' dir='ltr'>ita</span> <span class='ocrx_word' id='word_1_275' title='bbox 469 2402 567 2458; x_wconf 83' lang='lat' dir='ltr'>dixerit</span> <span class='ocrx_word' id='word_1_276' title='bbox 582 2418 589 2455; x_wconf 76' lang='grc' dir='ltr'><strong>ε</strong></span> <span class='ocrx_word' id='word_1_277' title='bbox 604 2400 673 2456; x_wconf 85' lang='lat' dir='ltr'>Sunt</span> <span class='ocrx_word' id='word_1_278' title='bbox 692 2414 756 2468; x_wconf 89' lang='lat' dir='ltr'>ergo</span> <span class='ocrx_word' id='word_1_279' title='bbox 778 2411 809 2452; x_wconf 91' lang='lat' dir='ltr'>ea</span> <span class='ocrx_word' id='word_1_280' title='bbox 832 2410 891 2465; x_wconf 78' lang='lat' dir='ltr'>qum</span> <span class='ocrx_word' id='word_1_281' title='bbox 911 2401 974 2449; x_wconf 88' lang='lat' dir='ltr'>sunt</span> 
     </span>
     <span class='ocr_line' id='line_1_40' title="bbox 179 2494 973 2561; baseline -0.006 -13"><span class='ocrx_word' id='word_1_282' title='bbox 179 2494 208 2548; x_wconf 90' lang='lat' dir='ltr'>iu</span> <span class='ocrx_word' id='word_1_283' title='bbox 220 2509 296 2559; x_wconf 90' lang='lat' dir='ltr'>roce,</span> <span class='ocrx_word' id='word_1_284' title='bbox 311 2503 339 2548; x_wconf 92' lang='lat' dir='ltr'>et</span> <span class='ocrx_word' id='word_1_285' title='bbox 351 2508 403 2547; x_wconf 92' lang='lat' dir='ltr'>nou</span> <span class='ocrx_word' id='word_1_286' title='bbox 416 2494 465 2558; x_wconf 90' lang='lat' dir='ltr'>sic,</span> <span class='ocrx_word' id='word_1_287' title='bbox 482 2503 544 2547; x_wconf 92' lang='lat' dir='ltr'>sunt</span> <span class='ocrx_word' id='word_1_288' title='bbox 566 2506 630 2561; x_wconf 89' lang='lat' dir='ltr'>ergo</span> <span class='ocrx_word' id='word_1_289' title='bbox 653 2503 749 2555; x_wconf 61' lang='lat' dir='ltr'>uocem</span> <span class='ocrx_word' id='word_1_290' title='bbox 768 2498 794 2544; x_wconf 86' lang='lat' dir='ltr'>et</span> <span class='ocrx_word' id='word_1_291' title='bbox 810 2501 903 2543; x_wconf 88' lang='lat' dir='ltr'>rursus</span> <span class='ocrx_word' id='word_1_292' title='bbox 924 2501 973 2543; x_wconf 92' lang='lat' dir='ltr'>cur</span> 
     </span>
     <span class='ocr_line' id='line_1_41' title="bbox 179 2580 971 2655; baseline -0.005 -15"><span class='ocrx_word' id='word_1_293' title='bbox 179 2588 217 2641; x_wconf 86' lang='lat' dir='ltr'>lta</span> <span class='ocrx_word' id='word_1_294' title='bbox 228 2595 255 2641; x_wconf 90' lang='lat' dir='ltr'>et</span> <span class='ocrx_word' id='word_1_295' title='bbox 269 2600 301 2640; x_wconf 87' lang='lat' dir='ltr'>ca</span> <span class='ocrx_word' id='word_1_296' title='bbox 321 2601 381 2655; x_wconf 77' lang='lat' dir='ltr'>qum</span> <span class='ocrx_word' id='word_1_297' title='bbox 396 2586 567 2652; x_wconf 89' lang='lat' dir='ltr'>scribuntur,</span> <span class='ocrx_word' id='word_1_298' title='bbox 581 2593 608 2639; x_wconf 94' lang='lat' dir='ltr'>et</span> <span class='ocrx_word' id='word_1_299' title='bbox 622 2599 675 2638; x_wconf 94' lang='lat' dir='ltr'>nou</span> <span class='ocrx_word' id='word_1_300' title='bbox 690 2581 803 2646; x_wconf 81' lang='lat' dir='ltr'>dixerit,</span> <span class='ocrx_word' id='word_1_301' title='bbox 819 2590 847 2636; x_wconf 90' lang='lat' dir='ltr'>et</span> <span class='ocrx_word' id='word_1_302' title='bbox 861 2580 971 2647; x_wconf 81' lang='lat' dir='ltr'>litterae,</span> 
     </span>
     <span class='ocr_line' id='line_1_42' title="bbox 180 2672 972 2751; baseline -0.008 -15"><span class='ocrx_word' id='word_1_303' title='bbox 180 2680 251 2751; x_wconf 91' lang='lat' dir='ltr'>quod</span> <span class='ocrx_word' id='word_1_304' title='bbox 266 2680 375 2735; x_wconf 83' lang='lat' dir='ltr'>resoluit</span> <span class='ocrx_word' id='word_1_305' title='bbox 388 2681 438 2735; x_wconf 86' lang='lat' dir='ltr'>nno</span> <span class='ocrx_word' id='word_1_306' title='bbox 461 2680 551 2736; x_wconf 89' lang='lat' dir='ltr'>modo.</span> <span class='ocrx_word' id='word_1_307' title='bbox 572 2679 732 2734; x_wconf 73' lang='lat' dir='ltr'>dictumest</span> <span class='ocrx_word' id='word_1_308' title='bbox 750 2688 804 2732; x_wconf 88' lang='lat' dir='ltr'>tres</span> <span class='ocrx_word' id='word_1_309' title='bbox 824 2691 885 2732; x_wconf 89' lang='lat' dir='ltr'>esse</span> <span class='ocrx_word' id='word_1_310' title='bbox 901 2672 972 2743; x_wconf 89' lang='lat' dir='ltr'>apud</span> 
     </span>
     <span class='ocr_line' id='line_1_43' title="bbox 181 2768 971 2839; baseline -0.006 -15"><span class='ocrx_word' id='word_1_311' title='bbox 181 2768 374 2839; x_wconf 84' lang='lat' dir='ltr'>Peripateticos</span> <span class='ocrx_word' id='word_1_312' title='bbox 389 2769 542 2836; x_wconf 90' lang='lat' dir='ltr'>orationes,</span> <span class='ocrx_word' id='word_1_313' title='bbox 559 2785 638 2825; x_wconf 82' lang='lat' dir='ltr'>unam</span> <span class='ocrx_word' id='word_1_314' title='bbox 653 2785 712 2839; x_wconf 73' lang='lat' dir='ltr'>epure</span> <span class='ocrx_word' id='word_1_315' title='bbox 724 2768 820 2823; x_wconf 90' lang='lat' dir='ltr'>litteris</span> <span class='ocrx_word' id='word_1_316' title='bbox 833 2768 971 2831; x_wconf 83' lang='lat' dir='ltr'>scribitur,</span> 
     </span>
     <span class='ocr_line' id='line_1_44' title="bbox 180 2859 974 2931; baseline 0 -17"><span class='ocrx_word' id='word_1_317' title='bbox 180 2861 259 2915; x_wconf 85' lang='lat' dir='ltr'>aliam</span> <span class='ocrx_word' id='word_1_318' title='bbox 273 2876 333 2931; x_wconf 76' lang='lat' dir='ltr'>quae</span> <span class='ocrx_word' id='word_1_319' title='bbox 348 2864 481 2930; x_wconf 90' lang='lat' dir='ltr'>prolertur</span> <span class='ocrx_word' id='word_1_320' title='bbox 494 2863 520 2918; x_wconf 93' lang='lat' dir='ltr'>iu</span> <span class='ocrx_word' id='word_1_321' title='bbox 536 2876 613 2927; x_wconf 84' lang='lat' dir='ltr'>rocc,</span> <span class='ocrx_word' id='word_1_322' title='bbox 631 2861 737 2916; x_wconf 86' lang='lat' dir='ltr'>tertiam</span> <span class='ocrx_word' id='word_1_323' title='bbox 751 2875 810 2931; x_wconf 84' lang='lat' dir='ltr'>que</span> <span class='ocrx_word' id='word_1_324' title='bbox 824 2859 974 2929; x_wconf 82' lang='lat' dir='ltr'>conjunge·</span> 
     </span>
     <span class='ocr_line' id='line_1_45' title="bbox 180 2952 973 3022; baseline -0.008 -14"><span class='ocrx_word' id='word_1_325' title='bbox 180 2962 255 3008; x_wconf 92' lang='lat' dir='ltr'>retur</span> <span class='ocrx_word' id='word_1_326' title='bbox 270 2953 296 3007; x_wconf 90' lang='lat' dir='ltr'>in</span> <span class='ocrx_word' id='word_1_327' title='bbox 309 2955 410 3009; x_wconf 90' lang='lat' dir='ltr'>animo.</span> <span class='ocrx_word' id='word_1_328' title='bbox 425 2953 500 3022; x_wconf 90' lang='lat' dir='ltr'>Quod</span> <span class='ocrx_word' id='word_1_329' title='bbox 519 2953 542 3008; x_wconf 93' lang='lat' dir='ltr'>si</span> <span class='ocrx_word' id='word_1_330' title='bbox 557 2961 612 3008; x_wconf 89' lang='lat' dir='ltr'>tres</span> <span class='ocrx_word' id='word_1_331' title='bbox 631 2952 767 3007; x_wconf 88' lang='lat' dir='ltr'>orationes</span> <span class='ocrx_word' id='word_1_332' title='bbox 785 2958 862 3013; x_wconf 90' lang='lat' dir='ltr'>suut,</span> <span class='ocrx_word' id='word_1_333' title='bbox 883 2959 973 3019; x_wconf 89' lang='lat' dir='ltr'>partes</span> 
     </span>
     <span class='ocr_line' id='line_1_46' title="bbox 180 3040 971 3112; baseline -0.005 -15"><span class='ocrx_word' id='word_1_334' title='bbox 180 3056 286 3112; x_wconf 88' lang='lat' dir='ltr'>quoque</span> <span class='ocrx_word' id='word_1_335' title='bbox 303 3044 432 3099; x_wconf 88' lang='lat' dir='ltr'>orationis</span> <span class='ocrx_word' id='word_1_336' title='bbox 452 3043 570 3112; x_wconf 85' lang='lat' dir='ltr'>triplices</span> <span class='ocrx_word' id='word_1_337' title='bbox 593 3057 654 3098; x_wconf 87' lang='lat' dir='ltr'>esse</span> <span class='ocrx_word' id='word_1_338' title='bbox 677 3041 749 3097; x_wconf 92' lang='lat' dir='ltr'>nulla</span> <span class='ocrx_word' id='word_1_339' title='bbox 771 3040 901 3096; x_wconf 88' lang='lat' dir='ltr'>dubitatio</span> <span class='ocrx_word' id='word_1_340' title='bbox 919 3046 971 3093; x_wconf 92' lang='lat' dir='ltr'>est.</span> 
     </span>
     <span class='ocr_line' id='line_1_47' title="bbox 179 3133 970 3207; baseline -0.005 -17"><span class='ocrx_word' id='word_1_341' title='bbox 179 3133 268 3203; x_wconf 81' lang='lat' dir='ltr'>Quare</span> <span class='ocrx_word' id='word_1_342' title='bbox 281 3139 407 3207; x_wconf 88' lang='lat' dir='ltr'>quoniam</span> <span class='ocrx_word' id='word_1_343' title='bbox 421 3136 530 3191; x_wconf 85' lang='lat' dir='ltr'>terbum</span> <span class='ocrx_word' id='word_1_344' title='bbox 546 3144 574 3191; x_wconf 87' lang='lat' dir='ltr'>et</span> <span class='ocrx_word' id='word_1_345' title='bbox 589 3151 685 3190; x_wconf 89' lang='lat' dir='ltr'>uorueu</span> <span class='ocrx_word' id='word_1_346' title='bbox 704 3133 888 3205; x_wconf 81' lang='lat' dir='ltr'>principaliter</span> <span class='ocrx_word' id='word_1_347' title='bbox 906 3147 970 3187; x_wconf 91' lang='lat' dir='ltr'>ora·</span> 
     </span>
    </p>
   </div>
   <div class='ocr_carea' id='block_1_15' title="bbox 1024 1931 1854 3200">
    <p class='ocr_par' dir='ltr' id='par_1_15' title="bbox 1024 1931 1854 3200">
     <span class='ocr_line' id='line_1_48' title="bbox 1028 1931 1854 2007; baseline 0.005 -21"><span class='ocrx_word' id='word_1_348' title='bbox 1028 1946 1081 1986; x_wconf 92' lang='lat' dir='ltr'>uou</span> <span class='ocrx_word' id='word_1_349' title='bbox 1097 1935 1185 1986; x_wconf 90' lang='lat' dir='ltr'>otuuis</span> <span class='ocrx_word' id='word_1_350' title='bbox 1200 1949 1251 1987; x_wconf 84' lang='lat' dir='ltr'>rot</span> <span class='ocrx_word' id='word_1_351' title='bbox 1269 1949 1328 2002; x_wconf 86' lang='lat' dir='ltr'>qtne</span> <span class='ocrx_word' id='word_1_352' title='bbox 1344 1933 1479 2005; x_wconf 78' lang='lat' dir='ltr'>siguificat</span> <span class='ocrx_word' id='word_1_353' title='bbox 1492 1935 1607 2005; x_wconf 82' lang='lat' dir='ltr'>quiedam</span> <span class='ocrx_word' id='word_1_354' title='bbox 1622 1934 1756 2004; x_wconf 88' lang='lat' dir='ltr'>positione</span> <span class='ocrx_word' id='word_1_355' title='bbox 1773 1931 1821 1990; x_wconf 92' lang='lat' dir='ltr'>de·</span> <span class='ocrx_word' id='word_1_356' title='bbox 1850 1997 1854 2007; x_wconf 48' lang='grc'>,</span> 
     </span>
     <span class='ocr_line' id='line_1_49' title="bbox 1027 2022 1822 2096; baseline 0.006 -20"><span class='ocrx_word' id='word_1_357' title='bbox 1027 2023 1125 2093; x_wconf 87' lang='lat' dir='ltr'>signat,</span> <span class='ocrx_word' id='word_1_358' title='bbox 1140 2022 1187 2077; x_wconf 91' lang='lat' dir='ltr'>sed</span> <span class='ocrx_word' id='word_1_359' title='bbox 1198 2022 1321 2093; x_wconf 79' lang='lat' dir='ltr'>quaedam</span> <span class='ocrx_word' id='word_1_360' title='bbox 1335 2025 1504 2093; x_wconf 88' lang='lat' dir='ltr'>naturaiiter,</span> <span class='ocrx_word' id='word_1_361' title='bbox 1516 2034 1544 2080; x_wconf 91' lang='lat' dir='ltr'>ut</span> <span class='ocrx_word' id='word_1_362' title='bbox 1557 2025 1693 2096; x_wconf 72' lang='lat' dir='ltr'>lacrymor,</span> <span class='ocrx_word' id='word_1_363' title='bbox 1706 2024 1822 2096; x_wconf 79' lang='lat' dir='ltr'>gemitus</span> 
     </span>
     <span class='ocr_line' id='line_1_50' title="bbox 1027 2114 1822 2192; baseline 0.006 -24"><span class='ocrx_word' id='word_1_364' title='bbox 1027 2124 1107 2183; x_wconf 90' lang='lat' dir='ltr'>atque</span> <span class='ocrx_word' id='word_1_365' title='bbox 1121 2129 1231 2181; x_wconf 76' lang='lat' dir='ltr'>moeror,</span> <span class='ocrx_word' id='word_1_366' title='bbox 1242 2114 1397 2170; x_wconf 89' lang='lat' dir='ltr'>animalium</span> <span class='ocrx_word' id='word_1_367' title='bbox 1406 2131 1512 2187; x_wconf 91' lang='lat' dir='ltr'>quoque</span> <span class='ocrx_word' id='word_1_368' title='bbox 1522 2126 1682 2172; x_wconf 78' lang='lat' dir='ltr'>caeterorum</span> <span class='ocrx_word' id='word_1_369' title='bbox 1697 2115 1822 2192; x_wconf 86' lang='lat' dir='ltr'>quaedam</span> 
     </span>
     <span class='ocr_line' id='line_1_51' title="bbox 1028 2202 1820 2279; baseline 0.008 -20"><span class='ocrx_word' id='word_1_370' title='bbox 1028 2220 1107 2262; x_wconf 88' lang='lat' dir='ltr'>roces</span> <span class='ocrx_word' id='word_1_371' title='bbox 1120 2208 1277 2264; x_wconf 85' lang='lat' dir='ltr'>traturaliter</span> <span class='ocrx_word' id='word_1_372' title='bbox 1288 2208 1389 2279; x_wconf 91' lang='lat' dir='ltr'>aliquid</span> <span class='ocrx_word' id='word_1_373' title='bbox 1406 2208 1569 2277; x_wconf 90' lang='lat' dir='ltr'>ostendunt,</span> <span class='ocrx_word' id='word_1_374' title='bbox 1585 2219 1614 2265; x_wconf 91' lang='lat' dir='ltr'>ut</span> <span class='ocrx_word' id='word_1_375' title='bbox 1628 2225 1661 2267; x_wconf 87' lang='lat' dir='ltr'>ex</span> <span class='ocrx_word' id='word_1_376' title='bbox 1675 2202 1770 2265; x_wconf 84' lang='lat' dir='ltr'>canum</span> <span class='ocrx_word' id='word_1_377' title='bbox 1784 2210 1820 2266; x_wconf 88' lang='lat' dir='ltr'>ia·</span> 
     </span>
     <span class='ocr_line' id='line_1_52' title="bbox 1028 2297 1819 2372; baseline 0.01 -21"><span class='ocrx_word' id='word_1_378' title='bbox 1028 2297 1161 2352; x_wconf 82' lang='lat' dir='ltr'>tractibus</span> <span class='ocrx_word' id='word_1_379' title='bbox 1184 2299 1342 2366; x_wconf 89' lang='lat' dir='ltr'>iracundia,</span> <span class='ocrx_word' id='word_1_380' title='bbox 1367 2314 1516 2371; x_wconf 89' lang='lat' dir='ltr'>eorumque</span> <span class='ocrx_word' id='word_1_381' title='bbox 1542 2300 1594 2356; x_wconf 87' lang='lat' dir='ltr'>alia</span> <span class='ocrx_word' id='word_1_382' title='bbox 1617 2301 1731 2372; x_wconf 86' lang='lat' dir='ltr'>quadam</span> <span class='ocrx_word' id='word_1_383' title='bbox 1754 2316 1819 2360; x_wconf 85' lang='lat' dir='ltr'>voce</span> 
     </span>
     <span class='ocr_line' id='line_1_53' title="bbox 1026 2388 1819 2458; baseline 0.011 -14"><span class='ocrx_word' id='word_1_384' title='bbox 1026 2388 1208 2445; x_wconf 88' lang='lat' dir='ltr'>blandimenta</span> <span class='ocrx_word' id='word_1_385' title='bbox 1226 2400 1427 2458; x_wconf 90' lang='lat' dir='ltr'>monstrantur;</span> <span class='ocrx_word' id='word_1_386' title='bbox 1447 2392 1529 2447; x_wconf 88' lang='lat' dir='ltr'>rerba</span> <span class='ocrx_word' id='word_1_387' title='bbox 1554 2402 1644 2449; x_wconf 87' lang='lat' dir='ltr'>auteur</span> <span class='ocrx_word' id='word_1_388' title='bbox 1666 2405 1693 2448; x_wconf 93' lang='lat' dir='ltr'>et</span> <span class='ocrx_word' id='word_1_389' title='bbox 1712 2394 1819 2453; x_wconf 79' lang='lat' dir='ltr'>nouriut</span> 
     </span>
     <span class='ocr_line' id='line_1_54' title="bbox 1027 2480 1819 2552; baseline 0.005 -16"><span class='ocrx_word' id='word_1_390' title='bbox 1027 2480 1161 2551; x_wconf 87' lang='lat' dir='ltr'>positione</span> <span class='ocrx_word' id='word_1_391' title='bbox 1175 2481 1337 2552; x_wconf 82' lang='lat' dir='ltr'>significant,</span> <span class='ocrx_word' id='word_1_392' title='bbox 1350 2499 1399 2539; x_wconf 93' lang='lat' dir='ltr'>nec</span> <span class='ocrx_word' id='word_1_393' title='bbox 1411 2483 1498 2539; x_wconf 92' lang='lat' dir='ltr'>sulum</span> <span class='ocrx_word' id='word_1_394' title='bbox 1508 2492 1571 2539; x_wconf 93' lang='lat' dir='ltr'>sunt</span> <span class='ocrx_word' id='word_1_395' title='bbox 1585 2485 1665 2540; x_wconf 90' lang='lat' dir='ltr'>rerba</span> <span class='ocrx_word' id='word_1_396' title='bbox 1677 2494 1704 2540; x_wconf 91' lang='lat' dir='ltr'>et</span> <span class='ocrx_word' id='word_1_397' title='bbox 1714 2485 1819 2540; x_wconf 86' lang='lat' dir='ltr'>norrriua</span> 
     </span>
     <span class='ocr_line' id='line_1_55' title="bbox 1027 2571 1815 2642; baseline 0.008 -18"><span class='ocrx_word' id='word_1_398' title='bbox 1027 2586 1125 2639; x_wconf 84' lang='lat' dir='ltr'>uoces,</span> <span class='ocrx_word' id='word_1_399' title='bbox 1138 2572 1185 2628; x_wconf 91' lang='lat' dir='ltr'>scd</span> <span class='ocrx_word' id='word_1_400' title='bbox 1200 2587 1279 2629; x_wconf 79' lang='lat' dir='ltr'>voces</span> <span class='ocrx_word' id='word_1_401' title='bbox 1295 2571 1491 2642; x_wconf 76' lang='lat' dir='ltr'>significative,</span> <span class='ocrx_word' id='word_1_402' title='bbox 1512 2590 1561 2630; x_wconf 89' lang='lat' dir='ltr'>nec</span> <span class='ocrx_word' id='word_1_403' title='bbox 1580 2576 1667 2631; x_wconf 92' lang='lat' dir='ltr'>solum</span> <span class='ocrx_word' id='word_1_404' title='bbox 1688 2589 1768 2631; x_wconf 88' lang='lat' dir='ltr'>roces</span> <span class='ocrx_word' id='word_1_405' title='bbox 1785 2574 1815 2630; x_wconf 87' lang='lat' dir='ltr'>si</span> 
     </span>
     <span class='ocr_line' id='line_1_56' title="bbox 1026 2665 1819 2738; baseline 0.005 -19"><span class='ocrx_word' id='word_1_406' title='bbox 1026 2665 1201 2736; x_wconf 80' lang='lat' dir='ltr'>gollicativae,</span> <span class='ocrx_word' id='word_1_407' title='bbox 1221 2666 1269 2721; x_wconf 89' lang='lat' dir='ltr'>sed</span> <span class='ocrx_word' id='word_1_408' title='bbox 1289 2666 1368 2721; x_wconf 91' lang='lat' dir='ltr'>etiam</span> <span class='ocrx_word' id='word_1_409' title='bbox 1388 2682 1448 2738; x_wconf 77' lang='lat' dir='ltr'>quae</span> <span class='ocrx_word' id='word_1_410' title='bbox 1467 2669 1598 2736; x_wconf 90' lang='lat' dir='ltr'>positione</span> <span class='ocrx_word' id='word_1_411' title='bbox 1618 2667 1760 2738; x_wconf 71' lang='lat' dir='ltr'>designent</span> <span class='ocrx_word' id='word_1_412' title='bbox 1773 2666 1819 2723; x_wconf 85' lang='lat' dir='ltr'>all·</span> 
     </span>
     <span class='ocr_line' id='line_1_57' title="bbox 1026 2756 1819 2829; baseline 0.005 -18"><span class='ocrx_word' id='word_1_413' title='bbox 1026 2756 1100 2826; x_wconf 89' lang='lat' dir='ltr'>quid,</span> <span class='ocrx_word' id='word_1_414' title='bbox 1117 2772 1170 2810; x_wconf 93' lang='lat' dir='ltr'>non</span> <span class='ocrx_word' id='word_1_415' title='bbox 1182 2767 1288 2826; x_wconf 89' lang='lat' dir='ltr'>natura,</span> <span class='ocrx_word' id='word_1_416' title='bbox 1301 2772 1355 2813; x_wconf 89' lang='lat' dir='ltr'>uon</span> <span class='ocrx_word' id='word_1_417' title='bbox 1370 2759 1455 2825; x_wconf 84' lang='lat' dir='ltr'>dixit;</span> <span class='ocrx_word' id='word_1_418' title='bbox 1471 2769 1533 2814; x_wconf 91' lang='lat' dir='ltr'>suut</span> <span class='ocrx_word' id='word_1_419' title='bbox 1546 2759 1626 2829; x_wconf 90' lang='lat' dir='ltr'>igitur</span> <span class='ocrx_word' id='word_1_420' title='bbox 1636 2774 1716 2814; x_wconf 86' lang='lat' dir='ltr'>uoces</span> <span class='ocrx_word' id='word_1_421' title='bbox 1729 2774 1819 2815; x_wconf 84' lang='lat' dir='ltr'>earum</span> 
     </span>
     <span class='ocr_line' id='line_1_58' title="bbox 1027 2849 1819 2924; baseline 0.01 -24"><span class='ocrx_word' id='word_1_422' title='bbox 1027 2862 1087 2916; x_wconf 73' lang='lat' dir='ltr'>quoe</span> <span class='ocrx_word' id='word_1_423' title='bbox 1100 2857 1163 2903; x_wconf 88' lang='lat' dir='ltr'>suut</span> <span class='ocrx_word' id='word_1_424' title='bbox 1182 2851 1208 2903; x_wconf 93' lang='lat' dir='ltr'>in</span> <span class='ocrx_word' id='word_1_425' title='bbox 1224 2849 1312 2904; x_wconf 88' lang='lat' dir='ltr'>anima</span> <span class='ocrx_word' id='word_1_426' title='bbox 1332 2853 1486 2921; x_wconf 73' lang='lat' dir='ltr'>pas-ionum</span> <span class='ocrx_word' id='word_1_427' title='bbox 1501 2858 1588 2918; x_wconf 58' lang='grc' dir='ltr'>ηοω</span> <span class='ocrx_word' id='word_1_428' title='bbox 1604 2866 1720 2922; x_wconf 91' lang='lat' dir='ltr'>namque</span> <span class='ocrx_word' id='word_1_429' title='bbox 1735 2862 1819 2924; x_wconf 82' lang='lat' dir='ltr'>neque</span> 
     </span>
     <span class='ocr_line' id='line_1_59' title="bbox 1026 2941 1818 3016; baseline 0.009 -23"><span class='ocrx_word' id='word_1_430' title='bbox 1026 2942 1114 2994; x_wconf 91' lang='lat' dir='ltr'>omnis</span> <span class='ocrx_word' id='word_1_431' title='bbox 1130 2955 1183 2996; x_wconf 87' lang='lat' dir='ltr'>uox</span> <span class='ocrx_word' id='word_1_432' title='bbox 1197 2941 1370 3013; x_wconf 82' lang='lat' dir='ltr'>significativa</span> <span class='ocrx_word' id='word_1_433' title='bbox 1389 2955 1443 3009; x_wconf 88' lang='lat' dir='ltr'>est,</span> <span class='ocrx_word' id='word_1_434' title='bbox 1459 2954 1487 2999; x_wconf 86' lang='lat' dir='ltr'>et</span> <span class='ocrx_word' id='word_1_435' title='bbox 1505 2953 1568 2998; x_wconf 92' lang='lat' dir='ltr'>sunt</span> <span class='ocrx_word' id='word_1_436' title='bbox 1582 2944 1706 3014; x_wconf 84' lang='lat' dir='ltr'>quaedatu</span> <span class='ocrx_word' id='word_1_437' title='bbox 1720 2944 1818 3016; x_wconf 73' lang='lat' dir='ltr'>siguil&#39;e</span> 
     </span>
     <span class='ocr_line' id='line_1_60' title="bbox 1024 3035 1818 3109; baseline 0.006 -19"><span class='ocrx_word' id='word_1_438' title='bbox 1024 3035 1119 3090; x_wconf 76' lang='lat' dir='ltr'>entire</span> <span class='ocrx_word' id='word_1_439' title='bbox 1148 3051 1206 3107; x_wconf 80' lang='lat' dir='ltr'>quae</span> <span class='ocrx_word' id='word_1_440' title='bbox 1227 3036 1384 3093; x_wconf 88' lang='lat' dir='ltr'>naturaliter</span> <span class='ocrx_word' id='word_1_441' title='bbox 1408 3052 1461 3092; x_wconf 93' lang='lat' dir='ltr'>uou</span> <span class='ocrx_word' id='word_1_442' title='bbox 1485 3038 1617 3109; x_wconf 89' lang='lat' dir='ltr'>positione</span> <span class='ocrx_word' id='word_1_443' title='bbox 1639 3037 1818 3109; x_wconf 84' lang='lat' dir='ltr'>signldceutr</span> 
     </span>
     <span class='ocr_line' id='line_1_61' title="bbox 1026 3126 1817 3200; baseline 0.005 -17"><span class='ocrx_word' id='word_1_444' title='bbox 1026 3126 1096 3196; x_wconf 93' lang='lat' dir='ltr'>quod</span> <span class='ocrx_word' id='word_1_445' title='bbox 1112 3126 1136 3182; x_wconf 92' lang='lat' dir='ltr'>si</span> <span class='ocrx_word' id='word_1_446' title='bbox 1151 3128 1187 3182; x_wconf 91' lang='lat' dir='ltr'>ita</span> <span class='ocrx_word' id='word_1_447' title='bbox 1201 3126 1327 3192; x_wconf 82' lang='lat' dir='ltr'>dixisset,</span> <span class='ocrx_word' id='word_1_448' title='bbox 1343 3131 1409 3185; x_wconf 86' lang='lat' dir='ltr'>uiuit</span> <span class='ocrx_word' id='word_1_449' title='bbox 1423 3133 1457 3183; x_wconf 87' lang='lat' dir='ltr'>ad</span> <span class='ocrx_word' id='word_1_450' title='bbox 1469 3131 1661 3200; x_wconf 89' lang='lat' dir='ltr'>proprietatem</span> <span class='ocrx_word' id='word_1_451' title='bbox 1675 3131 1817 3187; x_wconf 79' lang='lat' dir='ltr'>verborum</span> 
     </span>
    </p>
   </div>
   <div class='ocr_carea' id='block_1_16' title="bbox 78 3199 1816 3298">
    <p class='ocr_par' dir='ltr' id='par_1_16' title="bbox 78 3199 1816 3298">
     <span class='ocr_line' id='line_1_62' title="bbox 78 3199 1816 3298; baseline -0.002 -16"><span class='ocrx_word' id='word_1_452' title='bbox 78 3280 82 3298; x_wconf 73' lang='grc'>,</span> <span class='ocrx_word' id='word_1_453' title='bbox 180 3226 261 3283; x_wconf 90' lang='lat' dir='ltr'>tionis</span> <span class='ocrx_word' id='word_1_454' title='bbox 283 3241 371 3297; x_wconf 89' lang='lat' dir='ltr'>partes</span> <span class='ocrx_word' id='word_1_455' title='bbox 391 3238 468 3294; x_wconf 86' lang='lat' dir='ltr'>sum,</span> <span class='ocrx_word' id='word_1_456' title='bbox 488 3239 567 3285; x_wconf 90' lang='lat' dir='ltr'>crunt</span> <span class='ocrx_word' id='word_1_457' title='bbox 581 3229 632 3283; x_wconf 89' lang='lat' dir='ltr'>alia</span> <span class='ocrx_word' id='word_1_458' title='bbox 648 3229 729 3284; x_wconf 84' lang='lat' dir='ltr'>rerba</span> <span class='ocrx_word' id='word_1_459' title='bbox 746 3239 773 3282; x_wconf 91' lang='lat' dir='ltr'>et</span> <span class='ocrx_word' id='word_1_460' title='bbox 789 3227 895 3281; x_wconf 92' lang='lat' dir='ltr'>nomina</span> <span class='ocrx_word' id='word_1_461' title='bbox 912 3240 973 3296; x_wconf 82' lang='lat' dir='ltr'>quae</span> <span class='ocrx_word' id='word_1_462' title='bbox 987 3199 1012 3264; x_wconf 75' lang='lat'><strong>0</strong></span> <span class='ocrx_word' id='word_1_463' title='bbox 1028 3229 1055 3274; x_wconf 89' lang='lat' dir='ltr'>et</span> <span class='ocrx_word' id='word_1_464' title='bbox 1070 3219 1206 3275; x_wconf 84' lang='lat' dir='ltr'>ruominum</span> <span class='ocrx_word' id='word_1_465' title='bbox 1221 3220 1375 3288; x_wconf 88' lang='lat' dir='ltr'>pertineret.</span> <span class='ocrx_word' id='word_1_466' title='bbox 1389 3222 1519 3289; x_wconf 84' lang='lat' dir='ltr'>Quocirca</span> <span class='ocrx_word' id='word_1_467' title='bbox 1535 3236 1589 3278; x_wconf 93' lang='lat' dir='ltr'>non</span> <span class='ocrx_word' id='word_1_468' title='bbox 1604 3222 1687 3278; x_wconf 81' lang='lat' dir='ltr'>uoluit</span> <span class='ocrx_word' id='word_1_469' title='bbox 1697 3236 1816 3279; x_wconf 90' lang='lat' dir='ltr'>commu·</span> 
     </span>
    </p>
   </div>
   <div class='ocr_carea' id='block_1_17' title="bbox 99 3317 974 5881">
    <p class='ocr_par' dir='ltr' id='par_1_17' title="bbox 99 3317 974 5881">
     <span class='ocr_line' id='line_1_63' title="bbox 179 3317 973 3389; baseline 0 -18"><span class='ocrx_word' id='word_1_470' title='bbox 179 3319 341 3384; x_wconf 89' lang='lat' dir='ltr'>scribantur,</span> <span class='ocrx_word' id='word_1_471' title='bbox 357 3320 406 3372; x_wconf 84' lang='lat' dir='ltr'>alia</span> <span class='ocrx_word' id='word_1_472' title='bbox 420 3334 481 3389; x_wconf 83' lang='lat' dir='ltr'>qoae</span> <span class='ocrx_word' id='word_1_473' title='bbox 494 3319 634 3383; x_wconf 88' lang='lat' dir='ltr'>dicantur,</span> <span class='ocrx_word' id='word_1_474' title='bbox 648 3319 699 3372; x_wconf 86' lang='lat' dir='ltr'>alia</span> <span class='ocrx_word' id='word_1_475' title='bbox 714 3334 774 3389; x_wconf 80' lang='lat' dir='ltr'>quae</span> <span class='ocrx_word' id='word_1_476' title='bbox 789 3317 866 3371; x_wconf 89' lang='lat' dir='ltr'>tacita</span> <span class='ocrx_word' id='word_1_477' title='bbox 881 3326 973 3372; x_wconf 90' lang='lat' dir='ltr'>meule</span> 
     </span>
     <span class='ocr_line' id='line_1_64' title="bbox 179 3406 972 3479; baseline 0 -18"><span class='ocrx_word' id='word_1_478' title='bbox 179 3414 338 3462; x_wconf 80' lang='lat' dir='ltr'>tractentur.</span> <span class='ocrx_word' id='word_1_479' title='bbox 354 3410 422 3477; x_wconf 79' lang='lat' dir='ltr'>Ergo</span> <span class='ocrx_word' id='word_1_480' title='bbox 435 3410 561 3479; x_wconf 89' lang='lat' dir='ltr'>quoniam</span> <span class='ocrx_word' id='word_1_481' title='bbox 570 3409 708 3479; x_wconf 94' lang='lat' dir='ltr'>proposuit</span> <span class='ocrx_word' id='word_1_482' title='bbox 722 3407 835 3463; x_wconf 84' lang='lat' dir='ltr'>dicens:</span> <span class='ocrx_word' id='word_1_483' title='bbox 851 3406 972 3461; x_wconf 89' lang='lat' dir='ltr'>Primum</span> 
     </span>
     <span class='ocr_line' id='line_1_65' title="bbox 179 3498 974 3570; baseline -0.003 -16"><span class='ocrx_word' id='word_1_484' title='bbox 179 3508 285 3568; x_wconf 91' lang='lat' dir='ltr'>oportet</span> <span class='ocrx_word' id='word_1_485' title='bbox 300 3499 463 3556; x_wconf 91' lang='lat' dir='ltr'>constituere</span> <span class='ocrx_word' id='word_1_486' title='bbox 482 3501 545 3570; x_wconf 91' lang='lat' dir='ltr'>quid</span> <span class='ocrx_word' id='word_1_487' title='bbox 569 3503 604 3554; x_wconf 94' lang='lat' dir='ltr'>sit</span> <span class='ocrx_word' id='word_1_488' title='bbox 625 3514 722 3557; x_wconf 91' lang='lat' dir='ltr'>nomen</span> <span class='ocrx_word' id='word_1_489' title='bbox 742 3498 846 3569; x_wconf 91' lang='lat' dir='ltr'>etquid</span> <span class='ocrx_word' id='word_1_490' title='bbox 866 3499 901 3553; x_wconf 92' lang='lat' dir='ltr'>sit</span> <span class='ocrx_word' id='word_1_491' title='bbox 914 3513 974 3554; x_wconf 89' lang='lat' dir='ltr'>rer-</span> 
     </span>
     <span class='ocr_line' id='line_1_66' title="bbox 99 3591 971 3669; baseline -0.006 -22"><span class='ocrx_word' id='word_1_492' title='bbox 99 3662 103 3669; x_wconf 35' lang='grc'>,</span> <span class='ocrx_word' id='word_1_493' title='bbox 179 3591 242 3647; x_wconf 91' lang='lat' dir='ltr'>bum</span> <span class='ocrx_word' id='word_1_494' title='bbox 256 3634 263 3657; x_wconf 95' lang='lat'>,</span> <span class='ocrx_word' id='word_1_495' title='bbox 276 3593 371 3661; x_wconf 74' lang='lat' dir='ltr'>triplex</span> <span class='ocrx_word' id='word_1_496' title='bbox 387 3601 477 3647; x_wconf 88' lang='lat' dir='ltr'>auteur</span> <span class='ocrx_word' id='word_1_497' title='bbox 492 3593 630 3647; x_wconf 90' lang='lat' dir='ltr'>nominum</span> <span class='ocrx_word' id='word_1_498' title='bbox 651 3599 745 3646; x_wconf 88' lang='lat' dir='ltr'>natura</span> <span class='ocrx_word' id='word_1_499' title='bbox 760 3600 802 3645; x_wconf 91' lang='lat' dir='ltr'>est</span> <span class='ocrx_word' id='word_1_500' title='bbox 816 3597 895 3660; x_wconf 89' lang='lat' dir='ltr'>atque</span> <span class='ocrx_word' id='word_1_501' title='bbox 909 3603 971 3644; x_wconf 87' lang='lat' dir='ltr'>rer·</span> 
     </span>
     <span class='ocr_line' id='line_1_67' title="bbox 180 3687 972 3759; baseline -0.001 -17"><span class='ocrx_word' id='word_1_502' title='bbox 180 3687 293 3755; x_wconf 90' lang='lat' dir='ltr'>borum,</span> <span class='ocrx_word' id='word_1_503' title='bbox 309 3688 343 3743; x_wconf 89' lang='lat' dir='ltr'>de</span> <span class='ocrx_word' id='word_1_504' title='bbox 361 3689 457 3759; x_wconf 87' lang='lat' dir='ltr'>quibus</span> <span class='ocrx_word' id='word_1_505' title='bbox 476 3689 645 3759; x_wconf 90' lang='lat' dir='ltr'>potissimum</span> <span class='ocrx_word' id='word_1_506' title='bbox 666 3687 852 3758; x_wconf 90' lang='lat' dir='ltr'>proposuerit,</span> <span class='ocrx_word' id='word_1_507' title='bbox 872 3696 972 3757; x_wconf 77' lang='lat' dir='ltr'>etque</span> 
     </span>
     <span class='ocr_line' id='line_1_68' title="bbox 180 3776 971 3851; baseline 0.006 -18"><span class='ocrx_word' id='word_1_508' title='bbox 180 3776 297 3834; x_wconf 84' lang='lat' dir='ltr'>dilituire</span> <span class='ocrx_word' id='word_1_509' title='bbox 308 3779 373 3836; x_wconf 91' lang='lat' dir='ltr'>relit</span> <span class='ocrx_word' id='word_1_510' title='bbox 387 3780 520 3847; x_wconf 86' lang='lat' dir='ltr'>ostendit,</span> <span class='ocrx_word' id='word_1_511' title='bbox 535 3790 562 3835; x_wconf 88' lang='lat' dir='ltr'>et</span> <span class='ocrx_word' id='word_1_512' title='bbox 574 3780 700 3851; x_wconf 89' lang='lat' dir='ltr'>quoniam</span> <span class='ocrx_word' id='word_1_513' title='bbox 715 3779 749 3834; x_wconf 92' lang='lat' dir='ltr'>de</span> <span class='ocrx_word' id='word_1_514' title='bbox 762 3779 804 3834; x_wconf 86' lang='lat' dir='ltr'>lris</span> <span class='ocrx_word' id='word_1_515' title='bbox 818 3779 971 3838; x_wconf 87' lang='lat' dir='ltr'>nominibus</span> 
     </span>
     <span class='ocr_line' id='line_1_69' title="bbox 179 3868 970 3940; baseline 0.004 -16"><span class='ocrx_word' id='word_1_516' title='bbox 179 3868 297 3940; x_wconf 92' lang='lat' dir='ltr'>loquitur</span> <span class='ocrx_word' id='word_1_517' title='bbox 311 3885 343 3925; x_wconf 93' lang='lat' dir='ltr'>ac</span> <span class='ocrx_word' id='word_1_518' title='bbox 363 3871 470 3939; x_wconf 85' lang='lat' dir='ltr'>uerbis,</span> <span class='ocrx_word' id='word_1_519' title='bbox 490 3886 550 3940; x_wconf 81' lang='lat' dir='ltr'>quae</span> <span class='ocrx_word' id='word_1_520' title='bbox 565 3885 631 3926; x_wconf 83' lang='lat' dir='ltr'>uoce</span> <span class='ocrx_word' id='word_1_521' title='bbox 654 3868 836 3939; x_wconf 84' lang='lat' dir='ltr'>proteruntur,</span> <span class='ocrx_word' id='word_1_522' title='bbox 854 3869 970 3938; x_wconf 90' lang='lat' dir='ltr'>idipsum</span> 
     </span>
     <span class='ocr_line' id='line_1_70' title="bbox 179 3959 970 4032; baseline 0.004 -17"><span class='ocrx_word' id='word_1_523' title='bbox 179 3959 285 4030; x_wconf 90' lang='lat' dir='ltr'>planius</span> <span class='ocrx_word' id='word_1_524' title='bbox 308 3961 445 4032; x_wconf 89' lang='lat' dir='ltr'>explicans</span> <span class='ocrx_word' id='word_1_525' title='bbox 464 3960 501 4016; x_wconf 88' lang='lat' dir='ltr'>ait</span> <span class='ocrx_word' id='word_1_526' title='bbox 524 3978 531 4016; x_wconf 75' lang='grc' dir='ltr'><strong><em>ε</em></strong></span> <span class='ocrx_word' id='word_1_527' title='bbox 554 3962 622 4018; x_wconf 83' lang='lat' dir='ltr'>Sunt</span> <span class='ocrx_word' id='word_1_528' title='bbox 646 3975 710 4031; x_wconf 89' lang='lat' dir='ltr'>ergo</span> <span class='ocrx_word' id='word_1_529' title='bbox 732 3975 764 4017; x_wconf 90' lang='lat' dir='ltr'>ea</span> <span class='ocrx_word' id='word_1_530' title='bbox 785 3976 844 4032; x_wconf 78' lang='lat' dir='ltr'>que</span> <span class='ocrx_word' id='word_1_531' title='bbox 864 3969 928 4017; x_wconf 86' lang='lat' dir='ltr'>suut</span> <span class='ocrx_word' id='word_1_532' title='bbox 942 3962 970 4018; x_wconf 93' lang='lat' dir='ltr'>in</span> 
     </span>
     <span class='ocr_line' id='line_1_71' title="bbox 179 4049 971 4122; baseline 0.011 -21"><span class='ocrx_word' id='word_1_533' title='bbox 179 4060 245 4105; x_wconf 81' lang='lat' dir='ltr'>roco</span> <span class='ocrx_word' id='word_1_534' title='bbox 259 4065 349 4106; x_wconf 90' lang='lat' dir='ltr'>earum</span> <span class='ocrx_word' id='word_1_535' title='bbox 365 4066 426 4122; x_wconf 75' lang='lat' dir='ltr'>quse</span> <span class='ocrx_word' id='word_1_536' title='bbox 439 4059 501 4106; x_wconf 90' lang='lat' dir='ltr'>suut</span> <span class='ocrx_word' id='word_1_537' title='bbox 515 4051 541 4104; x_wconf 94' lang='lat' dir='ltr'>iu</span> <span class='ocrx_word' id='word_1_538' title='bbox 556 4049 644 4105; x_wconf 88' lang='lat' dir='ltr'>anima</span> <span class='ocrx_word' id='word_1_539' title='bbox 665 4049 817 4119; x_wconf 89' lang='lat' dir='ltr'>passionum</span> <span class='ocrx_word' id='word_1_540' title='bbox 837 4059 923 4122; x_wconf 77' lang='lat' dir='ltr'>notae,</span> <span class='ocrx_word' id='word_1_541' title='bbox 941 4064 971 4110; x_wconf 87' lang='lat' dir='ltr'>et</span> 
     </span>
     <span class='ocr_line' id='line_1_72' title="bbox 178 4141 969 4213; baseline 0.001 -16"><span class='ocrx_word' id='word_1_542' title='bbox 178 4157 209 4197; x_wconf 83' lang='lat' dir='ltr'>ea</span> <span class='ocrx_word' id='word_1_543' title='bbox 224 4156 283 4213; x_wconf 74' lang='lat' dir='ltr'>quse</span> <span class='ocrx_word' id='word_1_544' title='bbox 294 4141 447 4198; x_wconf 88' lang='lat' dir='ltr'>scribuntur</span> <span class='ocrx_word' id='word_1_545' title='bbox 461 4157 553 4197; x_wconf 91' lang='lat' dir='ltr'>eorum</span> <span class='ocrx_word' id='word_1_546' title='bbox 566 4156 626 4211; x_wconf 81' lang='lat' dir='ltr'>qum</span> <span class='ocrx_word' id='word_1_547' title='bbox 640 4148 704 4196; x_wconf 92' lang='lat' dir='ltr'>suut</span> <span class='ocrx_word' id='word_1_548' title='bbox 717 4141 745 4196; x_wconf 91' lang='lat' dir='ltr'>in</span> <span class='ocrx_word' id='word_1_549' title='bbox 760 4156 843 4210; x_wconf 90' lang='lat' dir='ltr'>roce,</span> <span class='ocrx_word' id='word_1_550' title='bbox 859 4142 931 4197; x_wconf 92' lang='lat' dir='ltr'>reiut</span> <span class='ocrx_word' id='word_1_551' title='bbox 946 4142 969 4199; x_wconf 91' lang='lat' dir='ltr'>si</span> 
     </span>
     <span class='ocr_line' id='line_1_73' title="bbox 178 4232 970 4303; baseline -0.003 -12"><span class='ocrx_word' id='word_1_552' title='bbox 178 4235 279 4292; x_wconf 84' lang='lat' dir='ltr'>diceret</span> <span class='ocrx_word' id='word_1_553' title='bbox 288 4252 294 4289; x_wconf 93' lang='lat'>:</span> <span class='ocrx_word' id='word_1_554' title='bbox 303 4234 341 4290; x_wconf 82' lang='lat' dir='ltr'>Ea</span> <span class='ocrx_word' id='word_1_555' title='bbox 350 4234 431 4290; x_wconf 77' lang='lat' dir='ltr'>rerba</span> <span class='ocrx_word' id='word_1_556' title='bbox 443 4242 470 4288; x_wconf 91' lang='lat' dir='ltr'>et</span> <span class='ocrx_word' id='word_1_557' title='bbox 481 4248 512 4289; x_wconf 89' lang='lat' dir='ltr'>ea</span> <span class='ocrx_word' id='word_1_558' title='bbox 524 4233 631 4289; x_wconf 83' lang='lat' dir='ltr'>nomina</span> <span class='ocrx_word' id='word_1_559' title='bbox 644 4247 703 4303; x_wconf 82' lang='lat' dir='ltr'>quae</span> <span class='ocrx_word' id='word_1_560' title='bbox 713 4233 739 4288; x_wconf 91' lang='lat' dir='ltr'>iu</span> <span class='ocrx_word' id='word_1_561' title='bbox 751 4232 836 4288; x_wconf 88' lang='lat' dir='ltr'>rocali</span> <span class='ocrx_word' id='word_1_562' title='bbox 847 4234 970 4289; x_wconf 89' lang='lat' dir='ltr'>oratioue</span> 
     </span>
     <span class='ocr_line' id='line_1_74' title="bbox 177 4324 969 4399; baseline -0.005 -16"><span class='ocrx_word' id='word_1_563' title='bbox 177 4328 359 4399; x_wconf 81' lang='lat' dir='ltr'>proteruntur,</span> <span class='ocrx_word' id='word_1_564' title='bbox 376 4327 472 4382; x_wconf 82' lang='lat' dir='ltr'>animoe</span> <span class='ocrx_word' id='word_1_565' title='bbox 485 4327 622 4395; x_wconf 83' lang='lat' dir='ltr'>passiones</span> <span class='ocrx_word' id='word_1_566' title='bbox 635 4324 802 4381; x_wconf 90' lang='lat' dir='ltr'>denuntiant.</span> <span class='ocrx_word' id='word_1_567' title='bbox 819 4324 865 4379; x_wconf 92' lang='lat' dir='ltr'>llla</span> <span class='ocrx_word' id='word_1_568' title='bbox 879 4335 969 4379; x_wconf 91' lang='lat' dir='ltr'>autem</span> 
     </span>
     <span class='ocr_line' id='line_1_75' title="bbox 178 4417 969 4489; baseline -0.004 -14"><span class='ocrx_word' id='word_1_569' title='bbox 178 4435 270 4475; x_wconf 88' lang='lat' dir='ltr'>rursus</span> <span class='ocrx_word' id='word_1_570' title='bbox 285 4421 366 4475; x_wconf 88' lang='lat' dir='ltr'>uerba</span> <span class='ocrx_word' id='word_1_571' title='bbox 380 4431 408 4476; x_wconf 92' lang='lat' dir='ltr'>et</span> <span class='ocrx_word' id='word_1_572' title='bbox 422 4419 530 4474; x_wconf 83' lang='lat' dir='ltr'>nomina</span> <span class='ocrx_word' id='word_1_573' title='bbox 544 4432 605 4489; x_wconf 74' lang='lat' dir='ltr'>quse</span> <span class='ocrx_word' id='word_1_574' title='bbox 619 4417 784 4484; x_wconf 87' lang='lat' dir='ltr'>scribuntur,</span> <span class='ocrx_word' id='word_1_575' title='bbox 799 4431 893 4473; x_wconf 91' lang='lat' dir='ltr'>eorum</span> <span class='ocrx_word' id='word_1_576' title='bbox 906 4433 969 4472; x_wconf 83' lang='lat' dir='ltr'>rer-</span> 
     </span>
     <span class='ocr_line' id='line_1_76' title="bbox 177 4509 968 4582; baseline -0.004 -12"><span class='ocrx_word' id='word_1_577' title='bbox 177 4515 271 4570; x_wconf 90' lang='lat' dir='ltr'>borum</span> <span class='ocrx_word' id='word_1_578' title='bbox 285 4514 478 4582; x_wconf 87' lang='lat' dir='ltr'>nominumque</span> <span class='ocrx_word' id='word_1_579' title='bbox 489 4509 676 4582; x_wconf 88' lang='lat' dir='ltr'>signiticationi</span> <span class='ocrx_word' id='word_1_580' title='bbox 693 4519 810 4578; x_wconf 77' lang='lat' dir='ltr'>presunt</span> <span class='ocrx_word' id='word_1_581' title='bbox 826 4525 885 4579; x_wconf 86' lang='lat' dir='ltr'>quae</span> <span class='ocrx_word' id='word_1_582' title='bbox 901 4525 968 4567; x_wconf 88' lang='lat' dir='ltr'>rece</span> 
     </span>
     <span class='ocr_line' id='line_1_77' title="bbox 176 4592 967 4678; baseline -0.001 -16"><span class='ocrx_word' id='word_1_583' title='bbox 176 4606 358 4678; x_wconf 90' lang='lat' dir='ltr'>proicruntur.</span> <span class='ocrx_word' id='word_1_584' title='bbox 384 4607 450 4663; x_wconf 88' lang='lat' dir='ltr'>Nam</span> <span class='ocrx_word' id='word_1_585' title='bbox 472 4608 541 4662; x_wconf 87' lang='lat' dir='ltr'>sicut</span> <span class='ocrx_word' id='word_1_586' title='bbox 561 4606 662 4662; x_wconf 81' lang='lat' dir='ltr'>vocalis</span> <span class='ocrx_word' id='word_1_587' title='bbox 682 4606 812 4662; x_wconf 81' lang='lat' dir='ltr'>orationis</span> <span class='ocrx_word' id='word_1_588' title='bbox 837 4592 917 4662; x_wconf 82' lang='lat' dir='ltr'>rerba</span> <span class='ocrx_word' id='word_1_589' title='bbox 940 4616 967 4661; x_wconf 91' lang='lat' dir='ltr'>et</span> 
     </span>
     <span class='ocr_line' id='line_1_78' title="bbox 132 4698 966 4770; baseline -0.001 -16"><span class='ocrx_word' id='word_1_590' title='bbox 132 4728 138 4741; x_wconf 88' lang='lat'><strong>·</strong></span> <span class='ocrx_word' id='word_1_591' title='bbox 174 4699 283 4754; x_wconf 85' lang='lat' dir='ltr'>uotrtina</span> <span class='ocrx_word' id='word_1_592' title='bbox 295 4699 484 4768; x_wconf 90' lang='lat' dir='ltr'>conceptiones</span> <span class='ocrx_word' id='word_1_593' title='bbox 492 4701 573 4754; x_wconf 91' lang='lat' dir='ltr'>animi</span> <span class='ocrx_word' id='word_1_594' title='bbox 586 4698 790 4770; x_wconf 86' lang='lat' dir='ltr'>intellectusque</span> <span class='ocrx_word' id='word_1_595' title='bbox 803 4698 966 4770; x_wconf 78' lang='lat' dir='ltr'>significant,</span> 
     </span>
     <span class='ocr_line' id='line_1_79' title="bbox 174 4791 968 4862; baseline 0 -16"><span class='ocrx_word' id='word_1_596' title='bbox 174 4791 210 4846; x_wconf 90' lang='lat' dir='ltr'>ita</span> <span class='ocrx_word' id='word_1_597' title='bbox 224 4805 330 4861; x_wconf 91' lang='lat' dir='ltr'>quoque</span> <span class='ocrx_word' id='word_1_598' title='bbox 344 4793 425 4846; x_wconf 85' lang='lat' dir='ltr'>rerba</span> <span class='ocrx_word' id='word_1_599' title='bbox 440 4801 467 4847; x_wconf 88' lang='lat' dir='ltr'>et</span> <span class='ocrx_word' id='word_1_600' title='bbox 484 4792 592 4847; x_wconf 86' lang='lat' dir='ltr'>nentina</span> <span class='ocrx_word' id='word_1_601' title='bbox 608 4791 652 4846; x_wconf 91' lang='lat' dir='ltr'>illa</span> <span class='ocrx_word' id='word_1_602' title='bbox 665 4806 724 4862; x_wconf 84' lang='lat' dir='ltr'>quae</span> <span class='ocrx_word' id='word_1_603' title='bbox 743 4792 770 4846; x_wconf 90' lang='lat' dir='ltr'>in</span> <span class='ocrx_word' id='word_1_604' title='bbox 789 4791 854 4846; x_wconf 90' lang='lat' dir='ltr'>solis</span> <span class='ocrx_word' id='word_1_605' title='bbox 866 4793 968 4847; x_wconf 88' lang='lat' dir='ltr'>littera·</span> 
     </span>
     <span class='ocr_line' id='line_1_80' title="bbox 173 4883 965 4951; baseline 0.001 -12"><span class='ocrx_word' id='word_1_606' title='bbox 173 4898 233 4939; x_wconf 93' lang='lat' dir='ltr'>rum</span> <span class='ocrx_word' id='word_1_607' title='bbox 246 4884 366 4937; x_wconf 89' lang='lat' dir='ltr'>iormulis</span> <span class='ocrx_word' id='word_1_608' title='bbox 380 4883 469 4951; x_wconf 85' lang='lat' dir='ltr'>jacent</span> <span class='ocrx_word' id='word_1_609' title='bbox 490 4883 597 4938; x_wconf 93' lang='lat' dir='ltr'>illorum</span> <span class='ocrx_word' id='word_1_610' title='bbox 623 4883 765 4940; x_wconf 81' lang='lat' dir='ltr'>uerborum</span> <span class='ocrx_word' id='word_1_611' title='bbox 780 4893 806 4941; x_wconf 91' lang='lat' dir='ltr'>et</span> <span class='ocrx_word' id='word_1_612' title='bbox 826 4886 965 4940; x_wconf 91' lang='lat' dir='ltr'>nominum</span> 
     </span>
     <span class='ocr_line' id='line_1_81' title="bbox 173 4975 965 5046; baseline -0.003 -14"><span class='ocrx_word' id='word_1_613' title='bbox 173 4976 349 5046; x_wconf 87' lang='lat' dir='ltr'>signillcatiua</span> <span class='ocrx_word' id='word_1_614' title='bbox 364 4984 426 5030; x_wconf 93' lang='lat' dir='ltr'>sunt</span> <span class='ocrx_word' id='word_1_615' title='bbox 440 4990 499 5044; x_wconf 89' lang='lat' dir='ltr'>quae</span> <span class='ocrx_word' id='word_1_616' title='bbox 515 4976 663 5045; x_wconf 91' lang='lat' dir='ltr'>loquimur,</span> <span class='ocrx_word' id='word_1_617' title='bbox 679 4975 704 5031; x_wconf 89' lang='lat' dir='ltr'>id</span> <span class='ocrx_word' id='word_1_618' title='bbox 723 4986 764 5031; x_wconf 89' lang='lat' dir='ltr'>cst</span> <span class='ocrx_word' id='word_1_619' title='bbox 778 4989 837 5045; x_wconf 81' lang='lat' dir='ltr'>quae</span> <span class='ocrx_word' id='word_1_620' title='bbox 854 4991 901 5046; x_wconf 89' lang='lat' dir='ltr'>per</span> <span class='ocrx_word' id='word_1_621' title='bbox 918 4992 965 5030; x_wconf 87' lang='lat' dir='ltr'>ro-</span> 
     </span>
     <span class='ocr_line' id='line_1_82' title="bbox 172 5066 966 5137; baseline -0.004 -11"><span class='ocrx_word' id='word_1_622' title='bbox 172 5083 231 5126; x_wconf 88' lang='lat' dir='ltr'>cem</span> <span class='ocrx_word' id='word_1_623' title='bbox 243 5083 386 5130; x_wconf 87' lang='lat' dir='ltr'>sunamus;</span> <span class='ocrx_word' id='word_1_624' title='bbox 402 5082 463 5122; x_wconf 92' lang='lat' dir='ltr'>nam</span> <span class='ocrx_word' id='word_1_625' title='bbox 477 5066 547 5136; x_wconf 86' lang='lat' dir='ltr'>quod</span> <span class='ocrx_word' id='word_1_626' title='bbox 560 5067 598 5123; x_wconf 89' lang='lat' dir='ltr'>ait</span> <span class='ocrx_word' id='word_1_627' title='bbox 610 5085 617 5121; x_wconf 91' lang='lat'>:</span> <span class='ocrx_word' id='word_1_628' title='bbox 630 5066 699 5124; x_wconf 90' lang='lat' dir='ltr'>Sunt</span> <span class='ocrx_word' id='word_1_629' title='bbox 711 5082 776 5137; x_wconf 90' lang='lat' dir='ltr'>ergo</span> <span class='ocrx_word' id='word_1_630' title='bbox 789 5083 820 5124; x_wconf 89' lang='lat' dir='ltr'>ea</span> <span class='ocrx_word' id='word_1_631' title='bbox 834 5071 966 5137; x_wconf 71' lang='lat' dir='ltr'>quaesunt</span> 
     </span>
     <span class='ocr_line' id='line_1_83' title="bbox 171 5162 965 5230; baseline 0.001 -10"><span class='ocrx_word' id='word_1_632' title='bbox 171 5163 200 5220; x_wconf 93' lang='lat' dir='ltr'>in</span> <span class='ocrx_word' id='word_1_633' title='bbox 217 5180 292 5230; x_wconf 80' lang='lat' dir='ltr'>voce,</span> <span class='ocrx_word' id='word_1_634' title='bbox 309 5162 521 5219; x_wconf 82' lang='lat' dir='ltr'>subaudiendum</span> <span class='ocrx_word' id='word_1_635' title='bbox 535 5172 578 5220; x_wconf 87' lang='lat' dir='ltr'>est</span> <span class='ocrx_word' id='word_1_636' title='bbox 590 5163 697 5218; x_wconf 91' lang='lat' dir='ltr'>uomina</span> <span class='ocrx_word' id='word_1_637' title='bbox 712 5174 739 5219; x_wconf 92' lang='lat' dir='ltr'>et</span> <span class='ocrx_word' id='word_1_638' title='bbox 750 5163 841 5221; x_wconf 86' lang='lat' dir='ltr'>rerba.</span> <span class='ocrx_word' id='word_1_639' title='bbox 855 5163 890 5219; x_wconf 81' lang='lat' dir='ltr'>lit</span> <span class='ocrx_word' id='word_1_640' title='bbox 903 5178 965 5221; x_wconf 91' lang='lat' dir='ltr'>rur-</span> 
     </span>
     <span class='ocr_line' id='line_1_84' title="bbox 171 5252 963 5323; baseline 0.003 -14"><span class='ocrx_word' id='word_1_641' title='bbox 171 5267 217 5309; x_wconf 80' lang='lat' dir='ltr'>tus</span> <span class='ocrx_word' id='word_1_642' title='bbox 230 5270 291 5309; x_wconf 91' lang='lat' dir='ltr'>cum</span> <span class='ocrx_word' id='word_1_643' title='bbox 312 5253 377 5308; x_wconf 93' lang='lat' dir='ltr'>dicit</span> <span class='ocrx_word' id='word_1_644' title='bbox 397 5269 405 5309; x_wconf 89' lang='lat'>:</span> <span class='ocrx_word' id='word_1_645' title='bbox 426 5252 459 5308; x_wconf 84' lang='lat' dir='ltr'>Et</span> <span class='ocrx_word' id='word_1_646' title='bbox 477 5267 508 5308; x_wconf 86' lang='lat' dir='ltr'>ea</span> <span class='ocrx_word' id='word_1_647' title='bbox 523 5268 583 5323; x_wconf 76' lang='lat' dir='ltr'>quse</span> <span class='ocrx_word' id='word_1_648' title='bbox 597 5252 763 5320; x_wconf 92' lang='lat' dir='ltr'>scribuntur,</span> <span class='ocrx_word' id='word_1_649' title='bbox 779 5255 848 5309; x_wconf 91' lang='lat' dir='ltr'>idem</span> <span class='ocrx_word' id='word_1_650' title='bbox 862 5254 963 5312; x_wconf 84' lang='lat' dir='ltr'>subue-</span> 
     </span>
     <span class='ocr_line' id='line_1_85' title="bbox 170 5343 962 5416; baseline 0 -15"><span class='ocrx_word' id='word_1_651' title='bbox 170 5349 296 5401; x_wconf 86' lang='lat' dir='ltr'>ctendum</span> <span class='ocrx_word' id='word_1_652' title='bbox 312 5361 404 5401; x_wconf 93' lang='lat' dir='ltr'>rursus</span> <span class='ocrx_word' id='word_1_653' title='bbox 417 5355 468 5411; x_wconf 90' lang='lat' dir='ltr'>est,</span> <span class='ocrx_word' id='word_1_654' title='bbox 480 5347 559 5398; x_wconf 82' lang='lat' dir='ltr'>rerba</span> <span class='ocrx_word' id='word_1_655' title='bbox 570 5343 672 5398; x_wconf 86' lang='lat' dir='ltr'>scilicet</span> <span class='ocrx_word' id='word_1_656' title='bbox 682 5353 710 5400; x_wconf 92' lang='lat' dir='ltr'>et</span> <span class='ocrx_word' id='word_1_657' title='bbox 720 5347 838 5400; x_wconf 87' lang='lat' dir='ltr'>nomina.</span> <span class='ocrx_word' id='word_1_658' title='bbox 852 5346 962 5416; x_wconf 81' lang='lat' dir='ltr'>litquod</span> 
     </span>
     <span class='ocr_line' id='line_1_86' title="bbox 169 5438 960 5509; baseline 0 -15"><span class='ocrx_word' id='word_1_659' title='bbox 169 5451 264 5494; x_wconf 84' lang='lat' dir='ltr'>rursus</span> <span class='ocrx_word' id='word_1_660' title='bbox 278 5439 376 5509; x_wconf 83' lang='lat' dir='ltr'>adjecit</span> <span class='ocrx_word' id='word_1_661' title='bbox 390 5457 398 5493; x_wconf 81' lang='grc' dir='ltr'>ι</span> <span class='ocrx_word' id='word_1_662' title='bbox 415 5438 514 5493; x_wconf 83' lang='lat' dir='ltr'>Eorum</span> <span class='ocrx_word' id='word_1_663' title='bbox 529 5453 589 5507; x_wconf 81' lang='lat' dir='ltr'>quae</span> <span class='ocrx_word' id='word_1_664' title='bbox 602 5445 665 5492; x_wconf 87' lang='lat' dir='ltr'>suut</span> <span class='ocrx_word' id='word_1_665' title='bbox 679 5439 704 5492; x_wconf 92' lang='lat' dir='ltr'>in</span> <span class='ocrx_word' id='word_1_666' title='bbox 718 5453 795 5508; x_wconf 86' lang='lat' dir='ltr'>uoce,</span> <span class='ocrx_word' id='word_1_667' title='bbox 811 5438 960 5494; x_wconf 86' lang='lat' dir='ltr'>addendum</span> 
     </span>
     <span class='ocr_line' id='line_1_87' title="bbox 170 5531 964 5602; baseline 0 -16"><span class='ocrx_word' id='word_1_668' title='bbox 170 5541 227 5596; x_wconf 86' lang='lat' dir='ltr'>est,</span> <span class='ocrx_word' id='word_1_669' title='bbox 251 5548 343 5587; x_wconf 88' lang='lat' dir='ltr'>eornm</span> <span class='ocrx_word' id='word_1_670' title='bbox 370 5533 506 5587; x_wconf 84' lang='lat' dir='ltr'>rnuninum</span> <span class='ocrx_word' id='word_1_671' title='bbox 527 5540 607 5602; x_wconf 90' lang='lat' dir='ltr'>atque</span> <span class='ocrx_word' id='word_1_672' title='bbox 626 5531 767 5587; x_wconf 85' lang='lat' dir='ltr'>uerborum</span> <span class='ocrx_word' id='word_1_673' title='bbox 784 5547 844 5602; x_wconf 74' lang='lat' dir='ltr'>que</span> <span class='ocrx_word' id='word_1_674' title='bbox 863 5534 964 5602; x_wconf 89' lang='lat' dir='ltr'>proiert</span> 
     </span>
     <span class='ocr_line' id='line_1_88' title="bbox 169 5622 963 5693; baseline 0.006 -19"><span class='ocrx_word' id='word_1_675' title='bbox 169 5630 250 5693; x_wconf 85' lang='lat' dir='ltr'>etque</span> <span class='ocrx_word' id='word_1_676' title='bbox 271 5624 387 5691; x_wconf 81' lang='lat' dir='ltr'>explicat</span> <span class='ocrx_word' id='word_1_677' title='bbox 405 5622 505 5678; x_wconf 87' lang='lat' dir='ltr'>uocalis</span> <span class='ocrx_word' id='word_1_678' title='bbox 523 5623 619 5677; x_wconf 86' lang='lat' dir='ltr'>oratio.</span> <span class='ocrx_word' id='word_1_679' title='bbox 641 5623 755 5689; x_wconf 92' lang='lat' dir='ltr'>Quodsi</span> <span class='ocrx_word' id='word_1_680' title='bbox 774 5624 841 5679; x_wconf 87' lang='lat' dir='ltr'>nibil</span> <span class='ocrx_word' id='word_1_681' title='bbox 857 5623 963 5679; x_wconf 90' lang='lat' dir='ltr'>deesset</span> 
     </span>
     <span class='ocr_line' id='line_1_89' title="bbox 168 5712 963 5783; baseline -0.003 -11"><span class='ocrx_word' id='word_1_682' title='bbox 168 5717 301 5777; x_wconf 87' lang='lat' dir='ltr'>otnnino,</span> <span class='ocrx_word' id='word_1_683' title='bbox 326 5717 363 5767; x_wconf 91' lang='lat' dir='ltr'>ita</span> <span class='ocrx_word' id='word_1_684' title='bbox 384 5714 452 5770; x_wconf 89' lang='lat' dir='ltr'>iuret</span> <span class='ocrx_word' id='word_1_685' title='bbox 472 5713 553 5767; x_wconf 90' lang='lat' dir='ltr'>totius</span> <span class='ocrx_word' id='word_1_686' title='bbox 575 5712 713 5783; x_wconf 89' lang='lat' dir='ltr'>plenitudo</span> <span class='ocrx_word' id='word_1_687' title='bbox 727 5715 878 5770; x_wconf 83' lang='lat' dir='ltr'>sententia.</span> <span class='ocrx_word' id='word_1_688' title='bbox 893 5714 963 5771; x_wconf 88' lang='lat' dir='ltr'>Sunt</span> 
     </span>
     <span class='ocr_line' id='line_1_90' title="bbox 103 5801 962 5881; baseline -0.002 -15"><span class='ocrx_word' id='word_1_689' title='bbox 103 5872 107 5877; x_wconf 55' lang='lat'>‚</span> <span class='ocrx_word' id='word_1_690' title='bbox 166 5824 233 5881; x_wconf 88' lang='lat' dir='ltr'>ergo</span> <span class='ocrx_word' id='word_1_691' title='bbox 247 5801 962 5880; x_wconf 72' lang='lat' dir='ltr'>eanominaetrerbequoeiurecesuutearumqua</span> 
     </span>
    </p>
   </div>
   <div class='ocr_carea' id='block_1_18' title="bbox 1021 3312 1846 4585">
    <p class='ocr_par' dir='ltr' id='par_1_18' title="bbox 1021 3312 1846 4585">
     <span class='ocr_line' id='line_1_91' title="bbox 1027 3312 1817 3386; baseline 0.008 -22"><span class='ocrx_word' id='word_1_692' title='bbox 1027 3312 1096 3365; x_wconf 90' lang='lat' dir='ltr'>niter</span> <span class='ocrx_word' id='word_1_693' title='bbox 1109 3312 1199 3368; x_wconf 86' lang='lat' dir='ltr'>dicere</span> <span class='ocrx_word' id='word_1_694' title='bbox 1215 3327 1308 3377; x_wconf 83' lang='lat' dir='ltr'>voces,</span> <span class='ocrx_word' id='word_1_695' title='bbox 1324 3313 1372 3369; x_wconf 88' lang='lat' dir='ltr'>sed</span> <span class='ocrx_word' id='word_1_696' title='bbox 1389 3313 1459 3369; x_wconf 91' lang='lat' dir='ltr'>dixit</span> <span class='ocrx_word' id='word_1_697' title='bbox 1473 3322 1573 3370; x_wconf 89' lang='lat' dir='ltr'>tautum</span> <span class='ocrx_word' id='word_1_698' title='bbox 1592 3328 1625 3369; x_wconf 92' lang='lat' dir='ltr'>ea</span> <span class='ocrx_word' id='word_1_699' title='bbox 1642 3314 1817 3386; x_wconf 79' lang='lat' dir='ltr'>quaerentis</span> 
     </span>
     <span class='ocr_line' id='line_1_92' title="bbox 1025 3402 1816 3477; baseline 0.009 -19"><span class='ocrx_word' id='word_1_700' title='bbox 1025 3418 1101 3459; x_wconf 89' lang='lat' dir='ltr'>roce.</span> <span class='ocrx_word' id='word_1_701' title='bbox 1126 3402 1185 3459; x_wconf 80' lang='lat' dir='ltr'>Vos</span> <span class='ocrx_word' id='word_1_702' title='bbox 1206 3406 1278 3459; x_wconf 91' lang='lat' dir='ltr'>enim</span> <span class='ocrx_word' id='word_1_703' title='bbox 1304 3405 1455 3462; x_wconf 85' lang='lat' dir='ltr'>uniuersale</span> <span class='ocrx_word' id='word_1_704' title='bbox 1480 3405 1606 3477; x_wconf 91' lang='lat' dir='ltr'>quiddam</span> <span class='ocrx_word' id='word_1_705' title='bbox 1628 3417 1685 3473; x_wconf 92' lang='lat' dir='ltr'>est,</span> <span class='ocrx_word' id='word_1_706' title='bbox 1709 3408 1816 3465; x_wconf 83' lang='lat' dir='ltr'>nomine</span> 
     </span>
     <span class='ocr_line' id='line_1_93' title="bbox 1025 3495 1816 3569; baseline 0.006 -18"><span class='ocrx_word' id='word_1_707' title='bbox 1025 3512 1091 3552; x_wconf 87' lang='lat' dir='ltr'>reru</span> <span class='ocrx_word' id='word_1_708' title='bbox 1105 3506 1132 3551; x_wconf 91' lang='lat' dir='ltr'>et</span> <span class='ocrx_word' id='word_1_709' title='bbox 1145 3495 1226 3551; x_wconf 87' lang='lat' dir='ltr'>rerba</span> <span class='ocrx_word' id='word_1_710' title='bbox 1240 3505 1347 3567; x_wconf 89' lang='lat' dir='ltr'>partes,</span> <span class='ocrx_word' id='word_1_711' title='bbox 1367 3512 1431 3568; x_wconf 91' lang='lat' dir='ltr'>pars</span> <span class='ocrx_word' id='word_1_712' title='bbox 1445 3510 1534 3554; x_wconf 89' lang='lat' dir='ltr'>autem</span> <span class='ocrx_word' id='word_1_713' title='bbox 1546 3500 1636 3555; x_wconf 92' lang='lat' dir='ltr'>omnis</span> <span class='ocrx_word' id='word_1_714' title='bbox 1650 3499 1676 3554; x_wconf 94' lang='lat' dir='ltr'>in</span> <span class='ocrx_word' id='word_1_715' title='bbox 1694 3508 1751 3555; x_wconf 91' lang='lat' dir='ltr'>toto</span> <span class='ocrx_word' id='word_1_716' title='bbox 1766 3513 1816 3569; x_wconf 85' lang='lat' dir='ltr'>est,</span> 
     </span>
     <span class='ocr_line' id='line_1_94' title="bbox 1025 3589 1816 3661; baseline 0.011 -17"><span class='ocrx_word' id='word_1_717' title='bbox 1025 3589 1107 3644; x_wconf 87' lang='lat' dir='ltr'>rerba</span> <span class='ocrx_word' id='word_1_718' title='bbox 1131 3603 1196 3660; x_wconf 89' lang='lat' dir='ltr'>ergo</span> <span class='ocrx_word' id='word_1_719' title='bbox 1217 3598 1245 3644; x_wconf 93' lang='lat' dir='ltr'>et</span> <span class='ocrx_word' id='word_1_720' title='bbox 1266 3591 1375 3645; x_wconf 88' lang='lat' dir='ltr'>uomina</span> <span class='ocrx_word' id='word_1_721' title='bbox 1398 3592 1523 3661; x_wconf 89' lang='lat' dir='ltr'>quoniam</span> <span class='ocrx_word' id='word_1_722' title='bbox 1541 3603 1605 3647; x_wconf 93' lang='lat' dir='ltr'>suut</span> <span class='ocrx_word' id='word_1_723' title='bbox 1624 3592 1816 3653; x_wconf 82' lang='lat' dir='ltr'>iutrltrocem.</span> 
     </span>
     <span class='ocr_line' id='line_1_95' title="bbox 1024 3681 1814 3752; baseline 0.004 -16"><span class='ocrx_word' id='word_1_724' title='bbox 1024 3690 1098 3737; x_wconf 87' lang='lat' dir='ltr'>recte</span> <span class='ocrx_word' id='word_1_725' title='bbox 1109 3681 1209 3737; x_wconf 89' lang='lat' dir='ltr'>dictum</span> <span class='ocrx_word' id='word_1_726' title='bbox 1219 3689 1276 3747; x_wconf 87' lang='lat' dir='ltr'>est,</span> <span class='ocrx_word' id='word_1_727' title='bbox 1291 3695 1393 3752; x_wconf 79' lang='lat' dir='ltr'>eaquae</span> <span class='ocrx_word' id='word_1_728' title='bbox 1407 3692 1470 3736; x_wconf 92' lang='lat' dir='ltr'>sunt</span> <span class='ocrx_word' id='word_1_729' title='bbox 1484 3684 1510 3737; x_wconf 92' lang='lat' dir='ltr'>in</span> <span class='ocrx_word' id='word_1_730' title='bbox 1525 3696 1607 3740; x_wconf 80' lang='lat' dir='ltr'>noce.</span> <span class='ocrx_word' id='word_1_731' title='bbox 1622 3684 1695 3738; x_wconf 85' lang='lat' dir='ltr'>uelut</span> <span class='ocrx_word' id='word_1_732' title='bbox 1708 3683 1731 3738; x_wconf 96' lang='lat' dir='ltr'>si</span> <span class='ocrx_word' id='word_1_733' title='bbox 1744 3683 1814 3740; x_wconf 80' lang='lat' dir='ltr'>dice</span> 
     </span>
     <span class='ocr_line' id='line_1_96' title="bbox 1024 3773 1815 3843; baseline 0.004 -15"><span class='ocrx_word' id='word_1_734' title='bbox 1024 3780 1077 3841; x_wconf 91' lang='lat' dir='ltr'>ret,</span> <span class='ocrx_word' id='word_1_735' title='bbox 1093 3773 1218 3843; x_wconf 89' lang='lat' dir='ltr'>quoniam</span> <span class='ocrx_word' id='word_1_736' title='bbox 1239 3773 1309 3827; x_wconf 88' lang='lat' dir='ltr'>intra</span> <span class='ocrx_word' id='word_1_737' title='bbox 1325 3787 1418 3828; x_wconf 86' lang='lat' dir='ltr'>vocent</span> <span class='ocrx_word' id='word_1_738' title='bbox 1432 3773 1618 3842; x_wconf 90' lang='lat' dir='ltr'>continentur,</span> <span class='ocrx_word' id='word_1_739' title='bbox 1634 3774 1815 3831; x_wconf 86' lang='lat' dir='ltr'>intellectuum</span> 
     </span>
     <span class='ocr_line' id='line_1_97' title="bbox 1023 3862 1815 3936; baseline 0.005 -18"><span class='ocrx_word' id='word_1_740' title='bbox 1023 3862 1186 3935; x_wconf 78' lang='lat' dir='ltr'>designativa</span> <span class='ocrx_word' id='word_1_741' title='bbox 1197 3871 1276 3928; x_wconf 89' lang='lat' dir='ltr'>sunt;</span> <span class='ocrx_word' id='word_1_742' title='bbox 1290 3864 1338 3918; x_wconf 87' lang='lat' dir='ltr'>sed</span> <span class='ocrx_word' id='word_1_743' title='bbox 1353 3863 1403 3916; x_wconf 89' lang='lat' dir='ltr'>boc</span> <span class='ocrx_word' id='word_1_744' title='bbox 1415 3864 1502 3919; x_wconf 89' lang='lat' dir='ltr'>simile</span> <span class='ocrx_word' id='word_1_745' title='bbox 1512 3872 1554 3919; x_wconf 91' lang='lat' dir='ltr'>est</span> <span class='ocrx_word' id='word_1_746' title='bbox 1567 3879 1599 3920; x_wconf 92' lang='lat' dir='ltr'>ac</span> <span class='ocrx_word' id='word_1_747' title='bbox 1611 3868 1633 3920; x_wconf 90' lang='lat' dir='ltr'>si</span> <span class='ocrx_word' id='word_1_748' title='bbox 1645 3865 1681 3922; x_wconf 90' lang='lat' dir='ltr'>ita</span> <span class='ocrx_word' id='word_1_749' title='bbox 1692 3865 1815 3936; x_wconf 83' lang='lat' dir='ltr'>dixisset,</span> 
     </span>
     <span class='ocr_line' id='line_1_98' title="bbox 1023 3952 1815 4024; baseline 0.006 -16"><span class='ocrx_word' id='word_1_750' title='bbox 1023 3968 1075 4008; x_wconf 89' lang='lat' dir='ltr'>rox</span> <span class='ocrx_word' id='word_1_751' title='bbox 1086 3966 1160 4009; x_wconf 89' lang='lat' dir='ltr'>certo</span> <span class='ocrx_word' id='word_1_752' title='bbox 1176 3952 1257 4008; x_wconf 92' lang='lat' dir='ltr'>modo</span> <span class='ocrx_word' id='word_1_753' title='bbox 1272 3969 1302 4009; x_wconf 86' lang='lat' dir='ltr'>se</span> <span class='ocrx_word' id='word_1_754' title='bbox 1318 3952 1420 4008; x_wconf 87' lang='lat' dir='ltr'>itabens</span> <span class='ocrx_word' id='word_1_755' title='bbox 1432 3953 1566 4024; x_wconf 90' lang='lat' dir='ltr'>signillcat</span> <span class='ocrx_word' id='word_1_756' title='bbox 1580 3955 1742 4011; x_wconf 87' lang='lat' dir='ltr'>intellectus.</span> <span class='ocrx_word' id='word_1_757' title='bbox 1758 3955 1815 4013; x_wconf 84' lang='lat' dir='ltr'>lion</span> 
     </span>
     <span class='ocr_line' id='line_1_99' title="bbox 1022 4038 1813 4118; baseline 0.006 -17"><span class='ocrx_word' id='word_1_758' title='bbox 1022 4045 1095 4103; x_wconf 88' lang='lat' dir='ltr'>enirn</span> <span class='ocrx_word' id='word_1_759' title='bbox 1110 4038 1155 4118; x_wconf 85' lang='lat' dir='ltr'>(ut</span> <span class='ocrx_word' id='word_1_760' title='bbox 1172 4044 1273 4101; x_wconf 92' lang='lat' dir='ltr'>dictum</span> <span class='ocrx_word' id='word_1_761' title='bbox 1289 4046 1346 4115; x_wconf 76' lang='lat' dir='ltr'>est)</span> <span class='ocrx_word' id='word_1_762' title='bbox 1362 4061 1459 4107; x_wconf 82' lang='lat' dir='ltr'>neuneu</span> <span class='ocrx_word' id='word_1_763' title='bbox 1479 4057 1507 4102; x_wconf 86' lang='lat' dir='ltr'>et</span> <span class='ocrx_word' id='word_1_764' title='bbox 1530 4050 1642 4103; x_wconf 86' lang='lat' dir='ltr'>verbnm</span> <span class='ocrx_word' id='word_1_765' title='bbox 1661 4064 1743 4106; x_wconf 83' lang='lat' dir='ltr'>uoces</span> <span class='ocrx_word' id='word_1_766' title='bbox 1757 4059 1813 4106; x_wconf 86' lang='lat' dir='ltr'>tan·</span> 
     </span>
     <span class='ocr_line' id='line_1_100' title="bbox 1022 4140 1846 4212; baseline 0.008 -17"><span class='ocrx_word' id='word_1_767' title='bbox 1022 4149 1079 4197; x_wconf 90' lang='lat' dir='ltr'>tum</span> <span class='ocrx_word' id='word_1_768' title='bbox 1095 4149 1167 4197; x_wconf 91' lang='lat' dir='ltr'>sunt.</span> <span class='ocrx_word' id='word_1_769' title='bbox 1183 4140 1258 4197; x_wconf 91' lang='lat' dir='ltr'>Sicut</span> <span class='ocrx_word' id='word_1_770' title='bbox 1276 4156 1401 4197; x_wconf 89' lang='lat' dir='ltr'>nummus</span> <span class='ocrx_word' id='word_1_771' title='bbox 1412 4157 1519 4212; x_wconf 93' lang='lat' dir='ltr'>quoque</span> <span class='ocrx_word' id='word_1_772' title='bbox 1532 4158 1585 4198; x_wconf 93' lang='lat' dir='ltr'>nou</span> <span class='ocrx_word' id='word_1_773' title='bbox 1606 4142 1693 4199; x_wconf 88' lang='lat' dir='ltr'>solum</span> <span class='ocrx_word' id='word_1_774' title='bbox 1707 4161 1745 4201; x_wconf 83' lang='lat' dir='ltr'>tes</span> <span class='ocrx_word' id='word_1_775' title='bbox 1764 4145 1813 4202; x_wconf 86' lang='lat' dir='ltr'>iuu-</span> <span class='ocrx_word' id='word_1_776' title='bbox 1834 4144 1846 4173; x_wconf 71' lang='lat'><strong><em>³</em></strong></span> 
     </span>
     <span class='ocr_line' id='line_1_101' title="bbox 1022 4232 1814 4306; baseline 0.006 -19"><span class='ocrx_word' id='word_1_777' title='bbox 1022 4247 1144 4303; x_wconf 91' lang='lat' dir='ltr'>pressum</span> <span class='ocrx_word' id='word_1_778' title='bbox 1157 4234 1270 4303; x_wconf 89' lang='lat' dir='ltr'>quadam</span> <span class='ocrx_word' id='word_1_779' title='bbox 1286 4232 1370 4304; x_wconf 81' lang='lat' dir='ltr'>ligura</span> <span class='ocrx_word' id='word_1_780' title='bbox 1384 4243 1436 4300; x_wconf 89' lang='lat' dir='ltr'>est,</span> <span class='ocrx_word' id='word_1_781' title='bbox 1451 4245 1480 4289; x_wconf 96' lang='lat' dir='ltr'>ut</span> <span class='ocrx_word' id='word_1_782' title='bbox 1492 4250 1617 4290; x_wconf 90' lang='lat' dir='ltr'>nummus</span> <span class='ocrx_word' id='word_1_783' title='bbox 1633 4246 1753 4306; x_wconf 80' lang='lat' dir='ltr'>vocetur,</span> <span class='ocrx_word' id='word_1_784' title='bbox 1766 4238 1814 4294; x_wconf 87' lang='lat' dir='ltr'>sed</span> 
     </span>
     <span class='ocr_line' id='line_1_102' title="bbox 1021 4324 1813 4400; baseline 0.005 -19"><span class='ocrx_word' id='word_1_785' title='bbox 1021 4327 1102 4381; x_wconf 88' lang='lat' dir='ltr'>etiam</span> <span class='ocrx_word' id='word_1_786' title='bbox 1126 4335 1154 4379; x_wconf 87' lang='lat' dir='ltr'>ut</span> <span class='ocrx_word' id='word_1_787' title='bbox 1181 4324 1292 4381; x_wconf 91' lang='lat' dir='ltr'>alterius</span> <span class='ocrx_word' id='word_1_788' title='bbox 1315 4326 1350 4379; x_wconf 91' lang='lat' dir='ltr'>sit</span> <span class='ocrx_word' id='word_1_789' title='bbox 1372 4326 1411 4380; x_wconf 89' lang='lat' dir='ltr'>rei</span> <span class='ocrx_word' id='word_1_790' title='bbox 1435 4327 1566 4397; x_wconf 87' lang='lat' dir='ltr'>pretium;</span> <span class='ocrx_word' id='word_1_791' title='bbox 1587 4325 1682 4383; x_wconf 87' lang='lat' dir='ltr'>eodem</span> <span class='ocrx_word' id='word_1_792' title='bbox 1707 4343 1813 4400; x_wconf 83' lang='lat' dir='ltr'>quoquo</span> 
     </span>
     <span class='ocr_line' id='line_1_103' title="bbox 1021 4417 1813 4487; baseline 0.009 -15"><span class='ocrx_word' id='word_1_793' title='bbox 1021 4419 1101 4472; x_wconf 89' lang='lat' dir='ltr'>modu</span> <span class='ocrx_word' id='word_1_794' title='bbox 1115 4417 1195 4473; x_wconf 87' lang='lat' dir='ltr'>rerba</span> <span class='ocrx_word' id='word_1_795' title='bbox 1216 4427 1243 4474; x_wconf 90' lang='lat' dir='ltr'>ct</span> <span class='ocrx_word' id='word_1_796' title='bbox 1268 4419 1375 4473; x_wconf 90' lang='lat' dir='ltr'>nomina</span> <span class='ocrx_word' id='word_1_797' title='bbox 1392 4434 1444 4474; x_wconf 94' lang='lat' dir='ltr'>non</span> <span class='ocrx_word' id='word_1_798' title='bbox 1466 4421 1553 4473; x_wconf 92' lang='lat' dir='ltr'>solum</span> <span class='ocrx_word' id='word_1_799' title='bbox 1574 4435 1654 4475; x_wconf 90' lang='lat' dir='ltr'>roces</span> <span class='ocrx_word' id='word_1_800' title='bbox 1671 4431 1751 4487; x_wconf 90' lang='lat' dir='ltr'>sunt,</span> <span class='ocrx_word' id='word_1_801' title='bbox 1765 4422 1813 4480; x_wconf 86' lang='lat' dir='ltr'>sed</span> 
     </span>
     <span class='ocr_line' id='line_1_104' title="bbox 1022 4510 1814 4585; baseline 0.011 -23"><span class='ocrx_word' id='word_1_802' title='bbox 1022 4512 1115 4580; x_wconf 77' lang='lat' dir='ltr'>posits</span> <span class='ocrx_word' id='word_1_803' title='bbox 1139 4510 1172 4565; x_wconf 89' lang='lat' dir='ltr'>ad</span> <span class='ocrx_word' id='word_1_804' title='bbox 1199 4511 1342 4580; x_wconf 85' lang='lat' dir='ltr'>qttantduttt</span> <span class='ocrx_word' id='word_1_805' title='bbox 1371 4512 1553 4569; x_wconf 87' lang='lat' dir='ltr'>intellectuum</span> <span class='ocrx_word' id='word_1_806' title='bbox 1579 4512 1814 4585; x_wconf 76' lang='lat' dir='ltr'>significationem.</span> 
     </span>
    </p>
   </div>
   <div class='ocr_carea' id='block_1_19' title="bbox 980 4581 1813 4678">
    <p class='ocr_par' dir='ltr' id='par_1_19' title="bbox 980 4581 1813 4678">
     <span class='ocr_line' id='line_1_105' title="bbox 980 4581 1813 4678; baseline 0.004 -16"><span class='ocrx_word' id='word_1_807' title='bbox 980 4581 1078 4662; x_wconf 66' lang='lat' dir='ltr'>”lox</span> <span class='ocrx_word' id='word_1_808' title='bbox 1096 4606 1168 4663; x_wconf 93' lang='lat' dir='ltr'>enim</span> <span class='ocrx_word' id='word_1_809' title='bbox 1183 4622 1242 4677; x_wconf 76' lang='lat' dir='ltr'>quse</span> <span class='ocrx_word' id='word_1_810' title='bbox 1255 4606 1321 4661; x_wconf 90' lang='lat' dir='ltr'>nibil</span> <span class='ocrx_word' id='word_1_811' title='bbox 1339 4605 1478 4678; x_wconf 90' lang='lat' dir='ltr'>designat,</span> <span class='ocrx_word' id='word_1_812' title='bbox 1494 4618 1522 4661; x_wconf 93' lang='lat' dir='ltr'>ut</span> <span class='ocrx_word' id='word_1_813' title='bbox 1536 4614 1578 4662; x_wconf 93' lang='lat' dir='ltr'>est</span> <span class='ocrx_word' id='word_1_814' title='bbox 1594 4607 1736 4678; x_wconf 75' lang='lat' dir='ltr'>gargulus,</span> <span class='ocrx_word' id='word_1_815' title='bbox 1751 4606 1813 4665; x_wconf 89' lang='lat' dir='ltr'>licet</span> 
     </span>
    </p>
   </div>
   <div class='ocr_carea' id='block_1_20' title="bbox 1012 4697 1841 5893">
    <p class='ocr_par' dir='ltr' id='par_1_20' title="bbox 1012 4697 1844 5893">
     <span class='ocr_line' id='line_1_106' title="bbox 1019 4697 1814 4769; baseline 0.004 -15"><span class='ocrx_word' id='word_1_816' title='bbox 1019 4713 1078 4754; x_wconf 90' lang='lat' dir='ltr'>eam</span> <span class='ocrx_word' id='word_1_817' title='bbox 1091 4697 1256 4769; x_wconf 88' lang='lat' dir='ltr'>grammatici</span> <span class='ocrx_word' id='word_1_818' title='bbox 1269 4697 1380 4769; x_wconf 81' lang='lat' dir='ltr'>liguram</span> <span class='ocrx_word' id='word_1_819' title='bbox 1406 4697 1479 4753; x_wconf 89' lang='lat' dir='ltr'>rocis</span> <span class='ocrx_word' id='word_1_820' title='bbox 1492 4698 1627 4754; x_wconf 90' lang='lat' dir='ltr'>intuentes</span> <span class='ocrx_word' id='word_1_821' title='bbox 1640 4712 1739 4754; x_wconf 90' lang='lat' dir='ltr'>nomeu</span> <span class='ocrx_word' id='word_1_822' title='bbox 1751 4712 1814 4757; x_wconf 84' lang='lat' dir='ltr'>esse</span> 
     </span>
     <span class='ocr_line' id='line_1_107' title="bbox 1018 4793 1812 4865; baseline 0.006 -19"><span class='ocrx_word' id='word_1_823' title='bbox 1018 4793 1199 4859; x_wconf 91' lang='lat' dir='ltr'>contendant,</span> <span class='ocrx_word' id='word_1_824' title='bbox 1215 4801 1306 4847; x_wconf 89' lang='lat' dir='ltr'>tamen</span> <span class='ocrx_word' id='word_1_825' title='bbox 1323 4807 1381 4847; x_wconf 91' lang='lat' dir='ltr'>eam</span> <span class='ocrx_word' id='word_1_826' title='bbox 1398 4806 1495 4848; x_wconf 89' lang='lat' dir='ltr'>nomen</span> <span class='ocrx_word' id='word_1_827' title='bbox 1510 4793 1680 4864; x_wconf 83' lang='lat' dir='ltr'>pltiiosopbia</span> <span class='ocrx_word' id='word_1_828' title='bbox 1693 4808 1747 4848; x_wconf 91' lang='lat' dir='ltr'>non</span> <span class='ocrx_word' id='word_1_829' title='bbox 1762 4810 1812 4865; x_wconf 90' lang='lat' dir='ltr'>pu·</span> 
     </span>
     <span class='ocr_line' id='line_1_108' title="bbox 1018 4883 1812 4956; baseline 0.003 -17"><span class='ocrx_word' id='word_1_830' title='bbox 1018 4886 1096 4948; x_wconf 79' lang='lat' dir='ltr'>tatu.</span> <span class='ocrx_word' id='word_1_831' title='bbox 1125 4885 1176 4940; x_wconf 85' lang='lat' dir='ltr'>nisi</span> <span class='ocrx_word' id='word_1_832' title='bbox 1199 4885 1234 4938; x_wconf 93' lang='lat' dir='ltr'>sit</span> <span class='ocrx_word' id='word_1_833' title='bbox 1255 4885 1341 4955; x_wconf 91' lang='lat' dir='ltr'>posita</span> <span class='ocrx_word' id='word_1_834' title='bbox 1359 4893 1388 4937; x_wconf 96' lang='lat' dir='ltr'>ut</span> <span class='ocrx_word' id='word_1_835' title='bbox 1410 4883 1564 4955; x_wconf 88' lang='lat' dir='ltr'>designaret</span> <span class='ocrx_word' id='word_1_836' title='bbox 1584 4883 1700 4956; x_wconf 85' lang='lat' dir='ltr'>aliquem</span> <span class='ocrx_word' id='word_1_837' title='bbox 1727 4884 1812 4941; x_wconf 89' lang='lat' dir='ltr'>animi</span> 
     </span>
     <span class='ocr_line' id='line_1_109' title="bbox 1017 4976 1811 5048; baseline 0.001 -15"><span class='ocrx_word' id='word_1_838' title='bbox 1017 4977 1237 5046; x_wconf 89' lang='lat' dir='ltr'>conceptionem,</span> <span class='ocrx_word' id='word_1_839' title='bbox 1250 4992 1336 5047; x_wconf 91' lang='lat' dir='ltr'>euque</span> <span class='ocrx_word' id='word_1_840' title='bbox 1351 4977 1431 5033; x_wconf 91' lang='lat' dir='ltr'>modo</span> <span class='ocrx_word' id='word_1_841' title='bbox 1442 4977 1593 5048; x_wconf 82' lang='lat' dir='ltr'>significare</span> <span class='ocrx_word' id='word_1_842' title='bbox 1606 4976 1705 5048; x_wconf 91' lang='lat' dir='ltr'>aliquid</span> <span class='ocrx_word' id='word_1_843' title='bbox 1719 4979 1811 5034; x_wconf 72' lang='lat' dir='ltr'>retum</span> 
     </span>
     <span class='ocr_line' id='line_1_110' title="bbox 1018 5068 1811 5140; baseline 0.003 -16"><span class='ocrx_word' id='word_1_844' title='bbox 1018 5069 1119 5140; x_wconf 91' lang='lat' dir='ltr'>possit,</span> <span class='ocrx_word' id='word_1_845' title='bbox 1135 5068 1234 5125; x_wconf 78' lang='lat' dir='ltr'>etenim</span> <span class='ocrx_word' id='word_1_846' title='bbox 1254 5085 1351 5126; x_wconf 91' lang='lat' dir='ltr'>nomeu</span> <span class='ocrx_word' id='word_1_847' title='bbox 1370 5069 1482 5139; x_wconf 84' lang='lat' dir='ltr'>aiicujus</span> <span class='ocrx_word' id='word_1_848' title='bbox 1507 5083 1604 5126; x_wconf 92' lang='lat' dir='ltr'>nomen</span> <span class='ocrx_word' id='word_1_849' title='bbox 1623 5083 1685 5125; x_wconf 89' lang='lat' dir='ltr'>esse</span> <span class='ocrx_word' id='word_1_850' title='bbox 1697 5083 1811 5126; x_wconf 86' lang='lat' dir='ltr'>necesse</span> 
     </span>
     <span class='ocr_line' id='line_1_111' title="bbox 1018 5159 1809 5231; baseline 0.001 -16"><span class='ocrx_word' id='word_1_851' title='bbox 1018 5161 1084 5226; x_wconf 88' lang='lat' dir='ltr'>erit;</span> <span class='ocrx_word' id='word_1_852' title='bbox 1097 5159 1145 5216; x_wconf 88' lang='lat' dir='ltr'>sed</span> <span class='ocrx_word' id='word_1_853' title='bbox 1159 5160 1181 5215; x_wconf 91' lang='lat' dir='ltr'>si</span> <span class='ocrx_word' id='word_1_854' title='bbox 1195 5175 1247 5215; x_wconf 88' lang='lat' dir='ltr'>rox</span> <span class='ocrx_word' id='word_1_855' title='bbox 1261 5160 1348 5230; x_wconf 90' lang='lat' dir='ltr'>aliqua</span> <span class='ocrx_word' id='word_1_856' title='bbox 1361 5161 1425 5215; x_wconf 87' lang='lat' dir='ltr'>nilril</span> <span class='ocrx_word' id='word_1_857' title='bbox 1445 5161 1582 5231; x_wconf 89' lang='lat' dir='ltr'>designat,</span> <span class='ocrx_word' id='word_1_858' title='bbox 1598 5160 1698 5216; x_wconf 87' lang='lat' dir='ltr'>nullius</span> <span class='ocrx_word' id='word_1_859' title='bbox 1709 5176 1809 5218; x_wconf 85' lang='lat' dir='ltr'>nomen</span> 
     </span>
     <span class='ocr_line' id='line_1_112' title="bbox 1016 5252 1813 5326; baseline 0.003 -18"><span class='ocrx_word' id='word_1_860' title='bbox 1016 5263 1074 5317; x_wconf 89' lang='lat' dir='ltr'>est;</span> <span class='ocrx_word' id='word_1_861' title='bbox 1086 5267 1168 5323; x_wconf 86' lang='lat' dir='ltr'>quare</span> <span class='ocrx_word' id='word_1_862' title='bbox 1184 5252 1208 5307; x_wconf 90' lang='lat' dir='ltr'>si</span> <span class='ocrx_word' id='word_1_863' title='bbox 1227 5252 1325 5309; x_wconf 92' lang='lat' dir='ltr'>nullius</span> <span class='ocrx_word' id='word_1_864' title='bbox 1336 5269 1433 5309; x_wconf 82' lang='lat' dir='ltr'>trouuen</span> <span class='ocrx_word' id='word_1_865' title='bbox 1448 5262 1509 5321; x_wconf 86' lang='lat' dir='ltr'>est,</span> <span class='ocrx_word' id='word_1_866' title='bbox 1526 5269 1575 5309; x_wconf 89' lang='lat' dir='ltr'>uec</span> <span class='ocrx_word' id='word_1_867' title='bbox 1587 5268 1686 5310; x_wconf 90' lang='lat' dir='ltr'>nomeu</span> <span class='ocrx_word' id='word_1_868' title='bbox 1700 5253 1813 5326; x_wconf 85' lang='lat' dir='ltr'>quideer</span> 
     </span>
     <span class='ocr_line' id='line_1_113' title="bbox 1016 5344 1808 5417; baseline 0 -17"><span class='ocrx_word' id='word_1_869' title='bbox 1016 5359 1078 5401; x_wconf 87' lang='lat' dir='ltr'>esse</span> <span class='ocrx_word' id='word_1_870' title='bbox 1087 5344 1196 5400; x_wconf 90' lang='lat' dir='ltr'>dicitur.</span> <span class='ocrx_word' id='word_1_871' title='bbox 1209 5349 1296 5416; x_wconf 81' lang='lat' dir='ltr'>Atque</span> <span class='ocrx_word' id='word_1_872' title='bbox 1309 5345 1369 5399; x_wconf 93' lang='lat' dir='ltr'>ideo</span> <span class='ocrx_word' id='word_1_873' title='bbox 1386 5345 1537 5416; x_wconf 80' lang='lat' dir='ltr'>hujusmodi</span> <span class='ocrx_word' id='word_1_874' title='bbox 1548 5360 1616 5413; x_wconf 87' lang='lat' dir='ltr'>rox,</span> <span class='ocrx_word' id='word_1_875' title='bbox 1631 5344 1712 5402; x_wconf 79' lang='lat' dir='ltr'>idest</span> <span class='ocrx_word' id='word_1_876' title='bbox 1726 5344 1808 5417; x_wconf 90' lang='lat' dir='ltr'>signi·</span> 
     </span>
     <span class='ocr_line' id='line_1_114' title="bbox 1015 5436 1807 5506; baseline 0.004 -15"><span class='ocrx_word' id='word_1_877' title='bbox 1015 5436 1137 5501; x_wconf 87' lang='lat' dir='ltr'>llcatira,</span> <span class='ocrx_word' id='word_1_878' title='bbox 1155 5443 1281 5493; x_wconf 72' lang='lat' dir='ltr'>nemrot</span> <span class='ocrx_word' id='word_1_879' title='bbox 1306 5446 1423 5506; x_wconf 87' lang='lat' dir='ltr'>tautum,</span> <span class='ocrx_word' id='word_1_880' title='bbox 1439 5437 1486 5492; x_wconf 91' lang='lat' dir='ltr'>sed</span> <span class='ocrx_word' id='word_1_881' title='bbox 1503 5437 1615 5494; x_wconf 82' lang='lat' dir='ltr'>verbum</span> <span class='ocrx_word' id='word_1_882' title='bbox 1633 5446 1745 5493; x_wconf 69' lang='lat' dir='ltr'>rentur</span> <span class='ocrx_word' id='word_1_883' title='bbox 1762 5449 1807 5494; x_wconf 87' lang='lat' dir='ltr'>aut</span> 
     </span>
     <span class='ocr_line' id='line_1_115' title="bbox 1015 5530 1841 5617; baseline 0.005 -34"><span class='ocrx_word' id='word_1_884' title='bbox 1015 5544 1125 5597; x_wconf 79' lang='lat' dir='ltr'>nomeu,</span> <span class='ocrx_word' id='word_1_885' title='bbox 1136 5530 1361 5602; x_wconf 89' lang='lat' dir='ltr'>quemadmodum</span> <span class='ocrx_word' id='word_1_886' title='bbox 1374 5546 1500 5586; x_wconf 92' lang='lat' dir='ltr'>nummus</span> <span class='ocrx_word' id='word_1_887' title='bbox 1512 5546 1567 5587; x_wconf 86' lang='lat' dir='ltr'>uon</span> <span class='ocrx_word' id='word_1_888' title='bbox 1579 5544 1628 5599; x_wconf 74' lang='lat' dir='ltr'>ass,</span> <span class='ocrx_word' id='word_1_889' title='bbox 1638 5530 1686 5586; x_wconf 87' lang='lat' dir='ltr'>ted</span> <span class='ocrx_word' id='word_1_890' title='bbox 1698 5530 1805 5602; x_wconf 84' lang='lat' dir='ltr'>proprie</span> <span class='ocrx_word' id='word_1_891' title='bbox 1836 5598 1841 5617; x_wconf 42' lang='grc' dir='ltr'>ι</span> 
     </span>
     <span class='ocr_line' id='line_1_116' title="bbox 1014 5622 1803 5695; baseline 0.005 -18"><span class='ocrx_word' id='word_1_892' title='bbox 1014 5622 1121 5679; x_wconf 92' lang='lat' dir='ltr'>nomine</span> <span class='ocrx_word' id='word_1_893' title='bbox 1139 5639 1276 5691; x_wconf 90' lang='lat' dir='ltr'>nummus,</span> <span class='ocrx_word' id='word_1_894' title='bbox 1288 5638 1343 5695; x_wconf 92' lang='lat' dir='ltr'>quo</span> <span class='ocrx_word' id='word_1_895' title='bbox 1354 5626 1389 5680; x_wconf 88' lang='lat' dir='ltr'>alr</span> <span class='ocrx_word' id='word_1_896' title='bbox 1406 5626 1458 5682; x_wconf 92' lang='lat' dir='ltr'>aiio</span> <span class='ocrx_word' id='word_1_897' title='bbox 1469 5640 1524 5683; x_wconf 76' lang='lat' dir='ltr'>acre</span> <span class='ocrx_word' id='word_1_898' title='bbox 1537 5626 1688 5695; x_wconf 89' lang='lat' dir='ltr'>discrepet,</span> <span class='ocrx_word' id='word_1_899' title='bbox 1704 5639 1803 5681; x_wconf 68' lang='lat' dir='ltr'>uuum·</span> 
     </span>
     <span class='ocr_line' id='line_1_117' title="bbox 1016 5717 1803 5790; baseline 0.001 -19"><span class='ocrx_word' id='word_1_900' title='bbox 1016 5726 1103 5787; x_wconf 90' lang='lat' dir='ltr'>patur.</span> <span class='ocrx_word' id='word_1_901' title='bbox 1117 5717 1186 5788; x_wconf 77' lang='lat' dir='ltr'>drgo</span> <span class='ocrx_word' id='word_1_902' title='bbox 1199 5719 1354 5775; x_wconf 77' lang='lat' dir='ltr'>Aristotelio</span> <span class='ocrx_word' id='word_1_903' title='bbox 1366 5719 1425 5775; x_wconf 78' lang='lat' dir='ltr'>nee</span> <span class='ocrx_word' id='word_1_904' title='bbox 1438 5719 1571 5775; x_wconf 88' lang='lat' dir='ltr'>sementia</span> <span class='ocrx_word' id='word_1_905' title='bbox 1585 5732 1637 5790; x_wconf 84' lang='lat' dir='ltr'>que</span> <span class='ocrx_word' id='word_1_906' title='bbox 1650 5717 1689 5773; x_wconf 85' lang='lat' dir='ltr'>eit</span> <span class='ocrx_word' id='word_1_907' title='bbox 1699 5731 1731 5773; x_wconf 84' lang='lat' dir='ltr'>ea</span> <span class='ocrx_word' id='word_1_908' title='bbox 1743 5731 1803 5788; x_wconf 86' lang='lat' dir='ltr'>quar</span> 
     </span>
     <span class='ocr_line' id='line_1_118' title="bbox 1012 5810 1803 5893; baseline 0.004 -27"><span class='ocrx_word' id='word_1_909' title='bbox 1012 5819 1076 5866; x_wconf 86' lang='lat' dir='ltr'>suttt</span> <span class='ocrx_word' id='word_1_910' title='bbox 1088 5810 1115 5865; x_wconf 92' lang='lat' dir='ltr'>in</span> <span class='ocrx_word' id='word_1_911' title='bbox 1129 5823 1218 5879; x_wconf 86' lang='lat' dir='ltr'>uoce,</span> <span class='ocrx_word' id='word_1_912' title='bbox 1238 5811 1306 5869; x_wconf 83' lang='lat' dir='ltr'>nihil</span> <span class='ocrx_word' id='word_1_913' title='bbox 1323 5814 1394 5893; x_wconf 90' lang='lat' dir='ltr'>aliud</span> <span class='ocrx_word' id='word_1_914' title='bbox 1413 5813 1536 5883; x_wconf 84' lang='lat' dir='ltr'>designat</span> <span class='ocrx_word' id='word_1_915' title='bbox 1552 5812 1603 5869; x_wconf 87' lang='lat' dir='ltr'>nisi</span> <span class='ocrx_word' id='word_1_916' title='bbox 1616 5826 1678 5869; x_wconf 84' lang='lat' dir='ltr'>eam</span> <span class='ocrx_word' id='word_1_917' title='bbox 1690 5820 1803 5882; x_wconf 70' lang='lat' dir='ltr'>rm,</span> 
     </span>
    </p>
   </div>
   <div class='ocr_carea' id='block_1_21' title="bbox 0 0 1988 6169">
    <p class='ocr_par' dir='ltr' id='par_1_21' title="bbox 0 0 1988 6169">
     <span class='ocr_line' id='line_1_119' title="bbox 0 0 1988 6169; baseline 0 0"><span class='ocrx_word' id='word_1_918' title='bbox 0 0 1988 6169; x_wconf 95' lang='lat' dir='ltr'> </span> 
     </span>
    </p>
   </div>
  </div>
 </body>
</html>
