<?xml version="1.0" encoding="UTF-8"?>
<!DOCTYPE html PUBLIC "-//W3C//DTD XHTML 1.0 Transitional//EN"
    "http://www.w3.org/TR/xhtml1/DTD/xhtml1-transitional.dtd">
<html xmlns="http://www.w3.org/1999/xhtml" xml:lang="en" lang="en">
 <head>
  <title>
</title>
<meta http-equiv="Content-Type" content="text/html;charset=utf-8" />
  <meta name='ocr-system' content='tesseract 3.04.00' />
  <meta name='ocr-capabilities' content='ocr_page ocr_carea ocr_par ocr_line ocrx_word'/>
</head>
<body>
  <div class='ocr_page' id='page_1' title='image "./patrologiaecurs16goog/patrologiaecurs16goog_0044.png"; bbox 0 0 3946 6186; ppageno 0'>
   <div class='ocr_carea' id='block_1_1' title="bbox 164 348 1802 417">
    <p class='ocr_par' dir='ltr' id='par_1_1' title="bbox 164 348 1802 417">
     <span class='ocr_line' id='line_1_1' title="bbox 164 348 1802 417; baseline -0.004 -2"><span class='ocrx_word' id='word_1_1' title='bbox 164 358 195 415; x_wconf 87' lang='lat' dir='ltr'><strong>tt</strong></span> <span class='ocrx_word' id='word_1_2' title='bbox 620 354 654 415; x_wconf 82' lang='lat' dir='ltr'><strong>ld</strong></span> <span class='ocrx_word' id='word_1_3' title='bbox 672 354 893 415; x_wconf 67' lang='lat' dir='ltr'><strong>intentarunt</strong></span> <span class='ocrx_word' id='word_1_4' title='bbox 911 348 1235 417; x_wconf 68' lang='lat' dir='ltr'><strong>wbundtenliiltilll</strong></span> <span class='ocrx_word' id='word_1_5' title='bbox 1253 356 1317 412; x_wconf 78' lang='lat' dir='ltr'><strong>titt.</strong></span> <span class='ocrx_word' id='word_1_6' title='bbox 1336 355 1357 411; x_wconf 87' lang='grc' dir='ltr'><strong>Ι.</strong></span> <span class='ocrx_word' id='word_1_7' title='bbox 1767 352 1802 409; x_wconf 70' lang='lat'><strong>82</strong></span> 
     </span>
    </p>
   </div>
   <div class='ocr_carea' id='block_1_2' title="bbox 79 472 1847 2397">
    <p class='ocr_par' dir='ltr' id='par_1_2' title="bbox 79 472 1806 1473">
     <span class='ocr_line' id='line_1_2' title="bbox 164 472 1803 555; baseline -0.002 -24"><span class='ocrx_word' id='word_1_8' title='bbox 164 490 198 531; x_wconf 85' lang='lat' dir='ltr'><strong>se</strong></span> <span class='ocrx_word' id='word_1_9' title='bbox 217 472 316 531; x_wconf 80' lang='lat' dir='ltr'><strong>divisio</strong></span> <span class='ocrx_word' id='word_1_10' title='bbox 334 487 394 546; x_wconf 66' lang='lat' dir='ltr'><strong>qne</strong></span> <span class='ocrx_word' id='word_1_11' title='bbox 410 482 451 531; x_wconf 84' lang='lat' dir='ltr'><strong>eat</strong></span> <span class='ocrx_word' id='word_1_12' title='bbox 470 473 553 530; x_wconf 91' lang='lat' dir='ltr'><strong>totius</strong></span> <span class='ocrx_word' id='word_1_13' title='bbox 578 472 605 528; x_wconf 91' lang='lat' dir='ltr'><strong>in</strong></span> <span class='ocrx_word' id='word_1_14' title='bbox 626 483 718 545; x_wconf 88' lang='lat' dir='ltr'><strong>partes</strong></span> <span class='ocrx_word' id='word_1_15' title='bbox 737 474 961 545; x_wconf 76' lang='lat' dir='ltr'><strong>quemadmodum</strong></span> <span class='ocrx_word' id='word_1_16' title='bbox 975 476 1041 541; x_wconf 69' lang='lat' dir='ltr'><strong>Ain</strong></span> <span class='ocrx_word' id='word_1_17' title='bbox 1070 475 1120 530; x_wconf 85' lang='lat' dir='ltr'><strong>boc</strong></span> <span class='ocrx_word' id='word_1_18' title='bbox 1148 474 1217 530; x_wconf 93' lang='lat' dir='ltr'><strong>libro</strong></span> <span class='ocrx_word' id='word_1_19' title='bbox 1240 472 1429 555; x_wconf 64' lang='lat' dir='ltr'>disputabitur,</span> <span class='ocrx_word' id='word_1_20' title='bbox 1454 488 1541 543; x_wconf 91' lang='lat' dir='ltr'><strong>oeque</strong></span> <span class='ocrx_word' id='word_1_21' title='bbox 1567 472 1689 543; x_wconf 67' lang='lat' dir='ltr'><strong>intelligi,</strong></span> <span class='ocrx_word' id='word_1_22' title='bbox 1714 484 1803 543; x_wconf 89' lang='lat' dir='ltr'><strong>neque</strong></span> 
     </span>
     <span class='ocr_line' id='line_1_3' title="bbox 79 565 1803 638; baseline 0.001 -16"><span class='ocrx_word' id='word_1_23' title='bbox 79 594 87 603; x_wconf 95' lang='lat'>-</span> <span class='ocrx_word' id='word_1_24' title='bbox 165 565 343 632; x_wconf 80' lang='lat' dir='ltr'><strong>discernitur,</strong></span> <span class='ocrx_word' id='word_1_25' title='bbox 357 580 389 622; x_wconf 88' lang='grc' dir='ltr'>ιο</span> <span class='ocrx_word' id='word_1_26' title='bbox 402 580 456 623; x_wconf 88' lang='lat' dir='ltr'><strong>nnn</strong></span> <span class='ocrx_word' id='word_1_27' title='bbox 471 567 560 637; x_wconf 86' lang='lat' dir='ltr'><strong>potius</strong></span> <span class='ocrx_word' id='word_1_28' title='bbox 581 567 687 637; x_wconf 77' lang='lat' dir='ltr'><strong>pencris</strong></span> <span class='ocrx_word' id='word_1_29' title='bbox 703 568 729 622; x_wconf 93' lang='lat' dir='ltr'><strong>in</strong></span> <span class='ocrx_word' id='word_1_30' title='bbox 744 569 848 636; x_wconf 90' lang='lat' dir='ltr'><strong>species</strong></span> <span class='ocrx_word' id='word_1_31' title='bbox 861 568 958 625; x_wconf 88' lang='lat' dir='ltr'><strong>dirisio</strong></span> <span class='ocrx_word' id='word_1_32' title='bbox 1009 569 1128 625; x_wconf 83' lang='lat' dir='ltr'><strong>exerceri</strong></span> <span class='ocrx_word' id='word_1_33' title='bbox 1142 569 1260 634; x_wconf 84' lang='lat' dir='ltr'><strong>ualeant,</strong></span> <span class='ocrx_word' id='word_1_34' title='bbox 1285 568 1347 638; x_wconf 92' lang='lat' dir='ltr'><strong>quis</strong></span> <span class='ocrx_word' id='word_1_35' title='bbox 1360 581 1476 638; x_wconf 88' lang='lat' dir='ltr'><strong>unquam</strong></span> <span class='ocrx_word' id='word_1_36' title='bbox 1491 567 1590 636; x_wconf 91' lang='lat' dir='ltr'><strong>poterit</strong></span> <span class='ocrx_word' id='word_1_37' title='bbox 1602 566 1724 623; x_wconf 89' lang='lat' dir='ltr'><strong>dubitare</strong></span> <span class='ocrx_word' id='word_1_38' title='bbox 1737 567 1803 638; x_wconf 90' lang='lat' dir='ltr'><strong>quin</strong></span> 
     </span>
     <span class='ocr_line' id='line_1_4' title="bbox 165 656 1802 730; baseline -0.001 -15"><span class='ocrx_word' id='word_1_39' title='bbox 165 672 231 715; x_wconf 85' lang='lat' dir='ltr'><strong>esse</strong></span> <span class='ocrx_word' id='word_1_40' title='bbox 252 656 393 729; x_wconf 88' lang='lat' dir='ltr'><strong>putabitur,</strong></span> <span class='ocrx_word' id='word_1_41' title='bbox 407 656 459 713; x_wconf 87' lang='lat' dir='ltr'><strong>nisi</strong></span> <span class='ocrx_word' id='word_1_42' title='bbox 480 658 536 714; x_wconf 92' lang='lat' dir='ltr'><strong>sint</strong></span> <span class='ocrx_word' id='word_1_43' title='bbox 553 672 647 729; x_wconf 74' lang='lat' dir='ltr'><strong>penus,</strong></span> <span class='ocrx_word' id='word_1_44' title='bbox 662 668 690 714; x_wconf 87' lang='lat' dir='ltr'><strong>et</strong></span> <span class='ocrx_word' id='word_1_45' title='bbox 702 660 817 730; x_wconf 86' lang='lat' dir='ltr'><strong>species,</strong></span> <span class='ocrx_word' id='word_1_46' title='bbox 834 669 862 717; x_wconf 90' lang='lat' dir='ltr'><strong>et</strong></span> <span class='ocrx_word' id='word_1_47' title='bbox 882 660 958 719; x_wconf 88' lang='lat' dir='ltr'><strong>diiie·</strong></span> <span class='ocrx_word' id='word_1_48' title='bbox 1009 661 1053 717; x_wconf 87' lang='lat' dir='ltr'><strong>bic</strong></span> <span class='ocrx_word' id='word_1_49' title='bbox 1074 660 1143 718; x_wconf 89' lang='lat' dir='ltr'><strong>liber</strong></span> <span class='ocrx_word' id='word_1_50' title='bbox 1155 660 1301 717; x_wconf 82' lang='lat' dir='ltr'><strong>maximum</strong></span> <span class='ocrx_word' id='word_1_51' title='bbox 1324 660 1405 715; x_wconf 91' lang='lat' dir='ltr'><strong>totius</strong></span> <span class='ocrx_word' id='word_1_52' title='bbox 1427 658 1520 730; x_wconf 75' lang='lat' dir='ltr'><strong>lopicm</strong></span> <span class='ocrx_word' id='word_1_53' title='bbox 1541 660 1727 729; x_wconf 73' lang='lat' dir='ltr'><strong>adiumentum</strong></span> <span class='ocrx_word' id='word_1_54' title='bbox 1748 657 1802 727; x_wconf 85' lang='lat' dir='ltr'><strong>sit,</strong></span> 
     </span>
     <span class='ocr_line' id='line_1_5' title="bbox 166 750 1804 825; baseline 0 -18"><span class='ocrx_word' id='word_1_55' title='bbox 166 750 261 807; x_wconf 77' lang='grc' dir='ltr'>ιοιιῑὶιι</span> <span class='ocrx_word' id='word_1_56' title='bbox 277 764 381 815; x_wconf 84' lang='lat' dir='ltr'><strong>aarum,</strong></span> <span class='ocrx_word' id='word_1_57' title='bbox 394 750 489 821; x_wconf 85' lang='lat' dir='ltr'><strong>quatis</strong></span> <span class='ocrx_word' id='word_1_58' title='bbox 516 761 579 805; x_wconf 91' lang='lat' dir='ltr'><strong>ante</strong></span> <span class='ocrx_word' id='word_1_59' title='bbox 602 750 707 806; x_wconf 89' lang='lat' dir='ltr'><strong>ratione</strong></span> <span class='ocrx_word' id='word_1_60' title='bbox 729 750 878 822; x_wconf 79' lang='lat' dir='ltr'><strong>disciplinm</strong></span> <span class='ocrx_word' id='word_1_61' title='bbox 903 761 958 809; x_wconf 88' lang='lat' dir='ltr'><strong>tna·</strong></span> <span class='ocrx_word' id='word_1_62' title='bbox 1009 762 1107 825; x_wconf 73' lang='lat' dir='ltr'><strong>prater</strong></span> <span class='ocrx_word' id='word_1_63' title='bbox 1122 768 1201 825; x_wconf 92' lang='lat' dir='ltr'><strong>quem</strong></span> <span class='ocrx_word' id='word_1_64' title='bbox 1216 763 1315 808; x_wconf 70' lang='lat' dir='ltr'><strong>cetera</strong></span> <span class='ocrx_word' id='word_1_65' title='bbox 1329 765 1391 823; x_wconf 72' lang='lat' dir='ltr'><strong>que</strong></span> <span class='ocrx_word' id='word_1_66' title='bbox 1404 751 1431 806; x_wconf 94' lang='lat' dir='ltr'><strong>in</strong></span> <span class='ocrx_word' id='word_1_67' title='bbox 1446 765 1479 806; x_wconf 84' lang='lat' dir='ltr'><strong>ea</strong></span> <span class='ocrx_word' id='word_1_68' title='bbox 1492 764 1616 821; x_wconf 70' lang='lat' dir='ltr'><strong>magnam</strong></span> <span class='ocrx_word' id='word_1_69' title='bbox 1628 750 1683 807; x_wconf 84' lang='lat' dir='ltr'><strong>rim</strong></span> <span class='ocrx_word' id='word_1_70' title='bbox 1710 759 1804 807; x_wconf 90' lang='lat' dir='ltr'><strong>tenent</strong></span> 
     </span>
     <span class='ocr_line' id='line_1_6' title="bbox 165 844 1805 921; baseline -0.002 -16"><span class='ocrx_word' id='word_1_71' title='bbox 165 844 323 905; x_wconf 83' lang='lat' dir='ltr'><strong>ctataicnr</strong></span> <span class='ocrx_word' id='word_1_72' title='bbox 335 848 409 907; x_wconf 86' lang='lat' dir='ltr'><strong>enim</strong></span> <span class='ocrx_word' id='word_1_73' title='bbox 424 862 479 905; x_wconf 90' lang='lat' dir='ltr'><strong>non</strong></span> <span class='ocrx_word' id='word_1_74' title='bbox 497 846 638 921; x_wconf 87' lang='lat' dir='ltr'><strong>quisquam</strong></span> <span class='ocrx_word' id='word_1_75' title='bbox 652 844 724 902; x_wconf 89' lang='lat' dir='ltr'><strong>dicat</strong></span> <span class='ocrx_word' id='word_1_76' title='bbox 744 845 840 904; x_wconf 90' lang='lat' dir='ltr'><strong>domus</strong></span> <span class='ocrx_word' id='word_1_77' title='bbox 854 848 958 918; x_wconf 87' lang='lat' dir='ltr'><strong>species</strong></span> <span class='ocrx_word' id='word_1_78' title='bbox 1008 850 1111 905; x_wconf 92' lang='lat' dir='ltr'><strong>nullum</strong></span> <span class='ocrx_word' id='word_1_79' title='bbox 1125 848 1256 905; x_wconf 79' lang='lat' dir='ltr'><strong>doctrinm</strong></span> <span class='ocrx_word' id='word_1_80' title='bbox 1268 847 1369 903; x_wconf 90' lang='lat' dir='ltr'><strong>aditum</strong></span> <span class='ocrx_word' id='word_1_81' title='bbox 1383 845 1521 918; x_wconf 74' lang='lat' dir='ltr'><strong>prebenti</strong></span> <span class='ocrx_word' id='word_1_82' title='bbox 1535 845 1590 903; x_wconf 85' lang='lat' dir='ltr'><strong>Sed</strong></span> <span class='ocrx_word' id='word_1_83' title='bbox 1600 845 1723 902; x_wconf 89' lang='lat' dir='ltr'><strong>meminit</strong></span> <span class='ocrx_word' id='word_1_84' title='bbox 1737 845 1805 902; x_wconf 88' lang='lat' dir='ltr'><strong>Por·</strong></span> 
     </span>
     <span class='ocr_line' id='line_1_7' title="bbox 166 937 1805 1014; baseline -0.001 -18"><span class='ocrx_word' id='word_1_85' title='bbox 166 941 254 1012; x_wconf 85' lang='lat' dir='ltr'><strong>potins</strong></span> <span class='ocrx_word' id='word_1_86' title='bbox 271 954 333 997; x_wconf 85' lang='lat' dir='ltr'><strong>esse</strong></span> <span class='ocrx_word' id='word_1_87' title='bbox 363 954 444 1014; x_wconf 89' lang='lat' dir='ltr'><strong>quam</strong></span> <span class='ocrx_word' id='word_1_88' title='bbox 467 946 558 1010; x_wconf 88' lang='lat' dir='ltr'><strong>partes</strong></span> <span class='ocrx_word' id='word_1_89' title='bbox 579 937 765 1007; x_wconf 89' lang='lat' dir='ltr'><strong>iuodamenta,</strong></span> <span class='ocrx_word' id='word_1_90' title='bbox 791 941 907 1011; x_wconf 87' lang='lat' dir='ltr'><strong>parietes</strong></span> <span class='ocrx_word' id='word_1_91' title='bbox 930 949 960 996; x_wconf 90' lang='lat' dir='ltr'><strong>et</strong></span> <span class='ocrx_word' id='word_1_92' title='bbox 1008 940 1121 1013; x_wconf 78' lang='lat' dir='ltr'><strong>phyrius</strong></span> <span class='ocrx_word' id='word_1_93' title='bbox 1153 939 1380 997; x_wconf 71' lang='lat' dir='ltr'><strong>introductionem</strong></span> <span class='ocrx_word' id='word_1_94' title='bbox 1411 952 1474 995; x_wconf 89' lang='lat' dir='ltr'><strong>sese</strong></span> <span class='ocrx_word' id='word_1_95' title='bbox 1503 937 1691 1005; x_wconf 89' lang='lat' dir='ltr'><strong>conscribere,</strong></span> <span class='ocrx_word' id='word_1_96' title='bbox 1715 950 1805 1008; x_wconf 87' lang='lat' dir='ltr'><strong>neque</strong></span> 
     </span>
     <span class='ocr_line' id='line_1_8' title="bbox 165 1028 1806 1103; baseline -0.003 -14"><span class='ocrx_word' id='word_1_97' title='bbox 165 1034 282 1090; x_wconf 77' lang='lat' dir='ltr'><strong>tentum?</strong></span> <span class='ocrx_word' id='word_1_98' title='bbox 295 1032 351 1092; x_wconf 87' lang='lat' dir='ltr'><strong>Sed</strong></span> <span class='ocrx_word' id='word_1_99' title='bbox 365 1049 427 1090; x_wconf 90' lang='lat' dir='ltr'><strong>cum</strong></span> <span class='ocrx_word' id='word_1_100' title='bbox 441 1033 591 1090; x_wconf 87' lang='lat' dir='ltr'><strong>occurrerit</strong></span> <span class='ocrx_word' id='word_1_101' title='bbox 609 1033 716 1102; x_wconf 77' lang='lat' dir='ltr'><strong>pencris</strong></span> <span class='ocrx_word' id='word_1_102' title='bbox 730 1048 827 1089; x_wconf 87' lang='lat' dir='ltr'><strong>nomen</strong></span> <span class='ocrx_word' id='word_1_103' title='bbox 843 1036 870 1088; x_wconf 90' lang='lat' dir='ltr'><strong>in</strong></span> <span class='ocrx_word' id='word_1_104' title='bbox 893 1048 958 1089; x_wconf 87' lang='lat' dir='ltr'><strong>una·</strong></span> <span class='ocrx_word' id='word_1_105' title='bbox 1009 1032 1081 1087; x_wconf 89' lang='lat' dir='ltr'><strong>ultra</strong></span> <span class='ocrx_word' id='word_1_106' title='bbox 1095 1046 1174 1103; x_wconf 88' lang='lat' dir='ltr'><strong>quarn</strong></span> <span class='ocrx_word' id='word_1_107' title='bbox 1190 1029 1367 1087; x_wconf 89' lang='lat' dir='ltr'><strong>institutionis</strong></span> <span class='ocrx_word' id='word_1_108' title='bbox 1381 1028 1478 1086; x_wconf 89' lang='lat' dir='ltr'><strong>modos</strong></span> <span class='ocrx_word' id='word_1_109' title='bbox 1491 1038 1535 1085; x_wconf 85' lang='lat' dir='ltr'><strong>est</strong></span> <span class='ocrx_word' id='word_1_110' title='bbox 1548 1028 1661 1086; x_wconf 84' lang='lat' dir='ltr'><strong>iormam</strong></span> <span class='ocrx_word' id='word_1_111' title='bbox 1674 1036 1806 1084; x_wconf 84' lang='lat' dir='ltr'><strong>tractatus</strong></span> 
     </span>
     <span class='ocr_line' id='line_1_9' title="bbox 160 1120 1805 1198; baseline -0.002 -17"><span class='ocrx_word' id='word_1_112' title='bbox 160 1126 370 1198; x_wconf 88' lang='lat' dir='ltr'><strong>quaquespecie</strong></span> <span class='ocrx_word' id='word_1_113' title='bbox 384 1134 470 1183; x_wconf 89' lang='lat' dir='ltr'><strong>totum</strong></span> <span class='ocrx_word' id='word_1_114' title='bbox 490 1140 570 1197; x_wconf 87' lang='lat' dir='ltr'><strong>posse</strong></span> <span class='ocrx_word' id='word_1_115' title='bbox 583 1139 745 1197; x_wconf 76' lang='lat' dir='ltr'><strong>congruere,</strong></span> <span class='ocrx_word' id='word_1_116' title='bbox 760 1127 957 1183; x_wconf 87' lang='lat' dir='ltr'><strong>totiusneroin</strong></span> <span class='ocrx_word' id='word_1_117' title='bbox 1010 1121 1112 1194; x_wconf 68' lang='lat' dir='ltr'><strong>egredi.</strong></span> <span class='ocrx_word' id='word_1_118' title='bbox 1141 1123 1185 1178; x_wconf 82' lang='lat' dir='ltr'><strong>nit</strong></span> <span class='ocrx_word' id='word_1_119' title='bbox 1210 1127 1281 1179; x_wconf 84' lang='lat' dir='ltr'><strong>enirn</strong></span> <span class='ocrx_word' id='word_1_120' title='bbox 1308 1137 1338 1179; x_wconf 89' lang='lat' dir='ltr'><strong>se</strong></span> <span class='ocrx_word' id='word_1_121' title='bbox 1362 1122 1488 1179; x_wconf 88' lang='lat' dir='ltr'><strong>altiorum</strong></span> <span class='ocrx_word' id='word_1_122' title='bbox 1512 1120 1690 1193; x_wconf 70' lang='lat' dir='ltr'><strong>questionum</strong></span> <span class='ocrx_word' id='word_1_123' title='bbox 1716 1120 1805 1177; x_wconf 85' lang='lat' dir='ltr'><strong>modis</strong></span> 
     </span>
     <span class='ocr_line' id='line_1_10' title="bbox 160 1210 1805 1290; baseline -0.002 -17"><span class='ocrx_word' id='word_1_124' title='bbox 160 1232 321 1290; x_wconf 85' lang='lat' dir='ltr'><strong>unaquaque</strong></span> <span class='ocrx_word' id='word_1_125' title='bbox 340 1229 417 1289; x_wconf 87' lang='lat' dir='ltr'><strong>parte</strong></span> <span class='ocrx_word' id='word_1_126' title='bbox 437 1232 486 1275; x_wconf 86' lang='lat' dir='ltr'><strong>sna</strong></span> <span class='ocrx_word' id='word_1_127' title='bbox 507 1233 605 1276; x_wconf 89' lang='lat' dir='ltr'><strong>nomen</strong></span> <span class='ocrx_word' id='word_1_128' title='bbox 625 1218 770 1276; x_wconf 89' lang='lat' dir='ltr'><strong>contenire</strong></span> <span class='ocrx_word' id='word_1_129' title='bbox 789 1235 842 1276; x_wconf 92' lang='lat' dir='ltr'><strong>non</strong></span> <span class='ocrx_word' id='word_1_130' title='bbox 862 1233 957 1290; x_wconf 89' lang='lat' dir='ltr'><strong>posse,</strong></span> <span class='ocrx_word' id='word_1_131' title='bbox 1010 1215 1162 1281; x_wconf 87' lang='lat' dir='ltr'><strong>abstinere,</strong></span> <span class='ocrx_word' id='word_1_132' title='bbox 1186 1214 1363 1285; x_wconf 75' lang='lat' dir='ltr'><strong>simpliciores</strong></span> <span class='ocrx_word' id='word_1_133' title='bbox 1393 1229 1457 1271; x_wconf 84' lang='lat' dir='ltr'><strong>vero</strong></span> <span class='ocrx_word' id='word_1_134' title='bbox 1489 1211 1618 1270; x_wconf 76' lang='lat' dir='ltr'><strong>mediocri</strong></span> <span class='ocrx_word' id='word_1_135' title='bbox 1647 1210 1805 1283; x_wconf 78' lang='lat' dir='ltr'><strong>conlectura</strong></span> 
     </span>
     <span class='ocr_line' id='line_1_11' title="bbox 159 1305 1805 1384; baseline -0.001 -18"><span class='ocrx_word' id='word_1_136' title='bbox 159 1309 333 1367; x_wconf 81' lang='lat' dir='ltr'><strong>manilesuun</strong></span> <span class='ocrx_word' id='word_1_137' title='bbox 357 1310 404 1368; x_wconf 87' lang='lat' dir='ltr'><strong>liet</strong></span> <span class='ocrx_word' id='word_1_138' title='bbox 424 1312 504 1367; x_wconf 89' lang='lat' dir='ltr'><strong>aliam</strong></span> <span class='ocrx_word' id='word_1_139' title='bbox 528 1312 687 1367; x_wconf 81' lang='lat' dir='ltr'><strong>diuisionem</strong></span> <span class='ocrx_word' id='word_1_140' title='bbox 715 1326 776 1368; x_wconf 89' lang='lat' dir='ltr'><strong>esse</strong></span> <span class='ocrx_word' id='word_1_141' title='bbox 799 1312 907 1384; x_wconf 72' lang='lat' dir='ltr'><strong>generis</strong></span> <span class='ocrx_word' id='word_1_142' title='bbox 930 1312 958 1368; x_wconf 94' lang='lat' dir='ltr'><strong>iu</strong></span> <span class='ocrx_word' id='word_1_143' title='bbox 1010 1307 1200 1377; x_wconf 71' lang='lat' dir='ltr'><strong>perstringere.</strong></span> <span class='ocrx_word' id='word_1_144' title='bbox 1215 1308 1358 1375; x_wconf 72' lang='lat' dir='ltr'><strong>Quuvero</strong></span> <span class='ocrx_word' id='word_1_145' title='bbox 1372 1306 1427 1362; x_wconf 80' lang='lat' dir='ltr'><strong>siut</strong></span> <span class='ocrx_word' id='word_1_146' title='bbox 1439 1306 1548 1363; x_wconf 88' lang='lat' dir='ltr'><strong>altiores</strong></span> <span class='ocrx_word' id='word_1_147' title='bbox 1560 1305 1724 1379; x_wconf 63' lang='lat' dir='ltr'><strong>questiones</strong></span> <span class='ocrx_word' id='word_1_148' title='bbox 1736 1318 1805 1378; x_wconf 79' lang='lat' dir='ltr'><strong>quat</strong></span> 
     </span>
     <span class='ocr_line' id='line_1_12' title="bbox 159 1397 1517 1473; baseline -0.004 -15"><span class='ocrx_word' id='word_1_149' title='bbox 159 1400 279 1471; x_wconf 82' lang='lat' dir='ltr'><strong>speeies,</strong></span> <span class='ocrx_word' id='word_1_150' title='bbox 294 1401 373 1457; x_wconf 84' lang='lat' dir='ltr'><strong>aliam</strong></span> <span class='ocrx_word' id='word_1_151' title='bbox 386 1403 469 1457; x_wconf 89' lang='lat' dir='ltr'><strong>totius</strong></span> <span class='ocrx_word' id='word_1_152' title='bbox 481 1403 508 1458; x_wconf 92' lang='lat' dir='ltr'><strong>in</strong></span> <span class='ocrx_word' id='word_1_153' title='bbox 522 1411 624 1473; x_wconf 86' lang='lat' dir='ltr'><strong>partes.</strong></span> <span class='ocrx_word' id='word_1_154' title='bbox 639 1403 790 1460; x_wconf 77' lang='lat' dir='ltr'><strong>convenire</strong></span> <span class='ocrx_word' id='word_1_155' title='bbox 802 1412 892 1459; x_wconf 89' lang='lat' dir='ltr'><strong>autem</strong></span> <span class='ocrx_word' id='word_1_156' title='bbox 908 1417 958 1459; x_wconf 93' lang='lat' dir='ltr'><strong>no·</strong></span> <span class='ocrx_word' id='word_1_157' title='bbox 1009 1412 1041 1455; x_wconf 85' lang='lat' dir='ltr'><strong>se</strong></span> <span class='ocrx_word' id='word_1_158' title='bbox 1055 1397 1163 1454; x_wconf 86' lang='lat' dir='ltr'><strong>diderre</strong></span> <span class='ocrx_word' id='word_1_159' title='bbox 1178 1398 1308 1468; x_wconf 90' lang='lat' dir='ltr'><strong>promittit</strong></span> <span class='ocrx_word' id='word_1_160' title='bbox 1324 1398 1361 1453; x_wconf 90' lang='lat' dir='ltr'><strong>ita</strong></span> <span class='ocrx_word' id='word_1_161' title='bbox 1376 1398 1517 1468; x_wconf 90' lang='lat' dir='ltr'><strong>proponit:</strong></span> 
     </span>
    </p>

    <p class='ocr_par' dir='ltr' id='par_1_3' title="bbox 158 1488 1847 2397">
     <span class='ocr_line' id='line_1_13' title="bbox 160 1488 1804 1567; baseline -0.003 -15"><span class='ocrx_word' id='word_1_162' title='bbox 160 1506 227 1551; x_wconf 79' lang='lat' dir='ltr'><strong>men</strong></span> <span class='ocrx_word' id='word_1_163' title='bbox 250 1496 356 1565; x_wconf 68' lang='lat' dir='ltr'><strong>generis</strong></span> <span class='ocrx_word' id='word_1_164' title='bbox 379 1495 488 1567; x_wconf 78' lang='lat' dir='ltr'><strong>sinqulis</strong></span> <span class='ocrx_word' id='word_1_165' title='bbox 512 1494 655 1565; x_wconf 78' lang='lat' dir='ltr'><strong>speciebus</strong></span> <span class='ocrx_word' id='word_1_166' title='bbox 685 1496 836 1551; x_wconf 87' lang='lat' dir='ltr'><strong>ostenditur</strong></span> <span class='ocrx_word' id='word_1_167' title='bbox 860 1511 907 1565; x_wconf 90' lang='lat' dir='ltr'><strong>per</strong></span> <span class='ocrx_word' id='word_1_168' title='bbox 931 1494 958 1550; x_wconf 94' lang='lat' dir='ltr'><strong>id</strong></span> <span class='ocrx_word' id='word_1_169' title='bbox 1047 1488 1110 1545; x_wconf 82' lang='lat' dir='ltr'><strong>lion</strong></span> <span class='ocrx_word' id='word_1_170' title='bbox 1121 1490 1152 1545; x_wconf 90' lang='lat' dir='ltr'><strong>de</strong></span> <span class='ocrx_word' id='word_1_171' title='bbox 1161 1492 1323 1561; x_wconf 78' lang='lat' dir='ltr'><strong>qeneributet</strong></span> <span class='ocrx_word' id='word_1_172' title='bbox 1332 1492 1462 1561; x_wconf 83' lang='lat' dir='ltr'><strong>speciebus</strong></span> <span class='ocrx_word' id='word_1_173' title='bbox 1478 1491 1545 1545; x_wconf 86' lang='lat' dir='ltr'><strong>iliud</strong></span> <span class='ocrx_word' id='word_1_174' title='bbox 1552 1490 1666 1564; x_wconf 78' lang='lat' dir='ltr'><strong>quidem,</strong></span> <span class='ocrx_word' id='word_1_175' title='bbox 1679 1491 1804 1547; x_wconf 76' lang='lat' dir='ltr'><strong>tinctul-</strong></span> 
     </span>
     <span class='ocr_line' id='line_1_14' title="bbox 161 1583 1806 1657; baseline 0.002 -19"><span class='ocrx_word' id='word_1_176' title='bbox 161 1584 235 1655; x_wconf 84' lang='lat' dir='ltr'><strong>quod</strong></span> <span class='ocrx_word' id='word_1_177' title='bbox 248 1594 277 1641; x_wconf 88' lang='lat' dir='ltr'><strong>et</strong></span> <span class='ocrx_word' id='word_1_178' title='bbox 290 1584 370 1642; x_wconf 89' lang='lat' dir='ltr'><strong>bomo</strong></span> <span class='ocrx_word' id='word_1_179' title='bbox 382 1594 410 1641; x_wconf 88' lang='lat' dir='ltr'><strong>et</strong></span> <span class='ocrx_word' id='word_1_180' title='bbox 422 1600 507 1657; x_wconf 89' lang='lat' dir='ltr'><strong>equus</strong></span> <span class='ocrx_word' id='word_1_181' title='bbox 527 1585 630 1656; x_wconf 74' lang='lat' dir='ltr'><strong>singula</strong></span> <span class='ocrx_word' id='word_1_182' title='bbox 652 1586 777 1642; x_wconf 87' lang='lat' dir='ltr'><strong>animalia</strong></span> <span class='ocrx_word' id='word_1_183' title='bbox 799 1600 958 1657; x_wconf 87' lang='lat' dir='ltr'><strong>nntncttpsn·</strong></span> <span class='ocrx_word' id='word_1_184' title='bbox 982 1596 996 1627; x_wconf 85' lang='grc'><strong>·-</strong></span> <span class='ocrx_word' id='word_1_185' title='bbox 1009 1584 1112 1651; x_wconf 86' lang='lat' dir='ltr'><strong>sistunt,</strong></span> <span class='ocrx_word' id='word_1_186' title='bbox 1127 1586 1180 1639; x_wconf 87' lang='lat' dir='ltr'><strong>sine</strong></span> <span class='ocrx_word' id='word_1_187' title='bbox 1192 1586 1219 1639; x_wconf 90' lang='lat' dir='ltr'><strong>iu</strong></span> <span class='ocrx_word' id='word_1_188' title='bbox 1230 1583 1293 1639; x_wconf 87' lang='lat' dir='ltr'><strong>solis</strong></span> <span class='ocrx_word' id='word_1_189' title='bbox 1309 1585 1387 1640; x_wconf 88' lang='lat' dir='ltr'><strong>undis</strong></span> <span class='ocrx_word' id='word_1_190' title='bbox 1399 1584 1569 1643; x_wconf 84' lang='lat' dir='ltr'><strong>intellectibus</strong></span> <span class='ocrx_word' id='word_1_191' title='bbox 1584 1590 1666 1657; x_wconf 77' lang='lat' dir='ltr'><strong>poutn</strong></span> <span class='ocrx_word' id='word_1_192' title='bbox 1680 1586 1742 1653; x_wconf 85' lang='lat' dir='ltr'><strong>sint,</strong></span> <span class='ocrx_word' id='word_1_193' title='bbox 1754 1585 1806 1641; x_wconf 83' lang='lat' dir='ltr'><strong>rice</strong></span> 
     </span>
     <span class='ocr_line' id='line_1_15' title="bbox 161 1676 1847 1751; baseline 0.001 -20"><span class='ocrx_word' id='word_1_194' title='bbox 161 1676 216 1733; x_wconf 80' lang='lat' dir='ltr'><strong>ior.</strong></span> <span class='ocrx_word' id='word_1_195' title='bbox 230 1676 322 1750; x_wconf 85' lang='lat' dir='ltr'><strong>licque</strong></span> <span class='ocrx_word' id='word_1_196' title='bbox 342 1686 441 1736; x_wconf 82' lang='lat' dir='ltr'><strong>testum</strong></span> <span class='ocrx_word' id='word_1_197' title='bbox 458 1694 638 1751; x_wconf 68' lang='lat' dir='ltr'><strong>ternosque</strong></span> <span class='ocrx_word' id='word_1_198' title='bbox 660 1681 837 1750; x_wconf 83' lang='lat' dir='ltr'><strong>parietesnot</strong></span> <span class='ocrx_word' id='word_1_199' title='bbox 859 1680 957 1737; x_wconf 88' lang='lat' dir='ltr'><strong>iunda-</strong></span> <span class='ocrx_word' id='word_1_200' title='bbox 1009 1677 1174 1733; x_wconf 82' lang='lat' dir='ltr'><strong>subsistentia</strong></span> <span class='ocrx_word' id='word_1_201' title='bbox 1186 1677 1330 1749; x_wconf 85' lang='lat' dir='ltr'><strong>corporolia</strong></span> <span class='ocrx_word' id='word_1_202' title='bbox 1351 1678 1402 1733; x_wconf 85' lang='lat' dir='ltr'><strong>sint</strong></span> <span class='ocrx_word' id='word_1_203' title='bbox 1421 1694 1456 1734; x_wconf 89' lang='lat' dir='ltr'><strong>on</strong></span> <span class='ocrx_word' id='word_1_204' title='bbox 1472 1678 1659 1750; x_wconf 82' lang='lat' dir='ltr'><strong>incorporalia,</strong></span> <span class='ocrx_word' id='word_1_205' title='bbox 1682 1686 1806 1735; x_wconf 71' lang='lat' dir='ltr'><strong>etnim</strong></span> <span class='ocrx_word' id='word_1_206' title='bbox 1844 1692 1847 1703; x_wconf 90' lang='lat'>·</span> 
     </span>
     <span class='ocr_line' id='line_1_16' title="bbox 160 1769 1805 1845; baseline 0.004 -22"><span class='ocrx_word' id='word_1_207' title='bbox 160 1778 250 1825; x_wconf 84' lang='lat' dir='ltr'><strong>menta</strong></span> <span class='ocrx_word' id='word_1_208' title='bbox 264 1769 399 1839; x_wconf 79' lang='lat' dir='ltr'><strong>siqillatim</strong></span> <span class='ocrx_word' id='word_1_209' title='bbox 412 1771 509 1827; x_wconf 90' lang='lat' dir='ltr'><strong>domus</strong></span> <span class='ocrx_word' id='word_1_210' title='bbox 522 1772 632 1828; x_wconf 89' lang='lat' dir='ltr'><strong>nomine</strong></span> <span class='ocrx_word' id='word_1_211' title='bbox 646 1772 776 1843; x_wconf 76' lang='lat' dir='ltr'><strong>appellati</strong></span> <span class='ocrx_word' id='word_1_212' title='bbox 788 1774 886 1831; x_wconf 87' lang='lat' dir='ltr'><strong>solent.</strong></span> <span class='ocrx_word' id='word_1_213' title='bbox 903 1772 956 1831; x_wconf 88' lang='lat' dir='ltr'><strong>Sed</strong></span> <span class='ocrx_word' id='word_1_214' title='bbox 1009 1771 1321 1842; x_wconf 83' lang='lat' dir='ltr'><strong>separatuosentiliiiius</strong></span> <span class='ocrx_word' id='word_1_215' title='bbox 1331 1789 1366 1826; x_wconf 88' lang='lat' dir='ltr'><strong>uu</strong></span> <span class='ocrx_word' id='word_1_216' title='bbox 1379 1773 1406 1827; x_wconf 89' lang='lat' dir='ltr'><strong>iu</strong></span> <span class='ocrx_word' id='word_1_217' title='bbox 1420 1770 1581 1829; x_wconf 82' lang='lat' dir='ltr'><strong>sensibiiibnt</strong></span> <span class='ocrx_word' id='word_1_218' title='bbox 1589 1775 1724 1845; x_wconf 75' lang='lat' dir='ltr'><strong>pcsltnset</strong></span> <span class='ocrx_word' id='word_1_219' title='bbox 1735 1773 1805 1829; x_wconf 78' lang='grc' dir='ltr'>οὶιοι</span> 
     </span>
     <span class='ocr_line' id='line_1_17' title="bbox 158 1859 1806 1934; baseline 0.001 -19"><span class='ocrx_word' id='word_1_220' title='bbox 158 1875 221 1915; x_wconf 85' lang='lat' dir='ltr'><strong>curn</strong></span> <span class='ocrx_word' id='word_1_221' title='bbox 236 1859 335 1917; x_wconf 79' lang='lat' dir='ltr'><strong>inerint</strong></span> <span class='ocrx_word' id='word_1_222' title='bbox 354 1862 455 1933; x_wconf 71' lang='lat' dir='ltr'><strong>lunula</strong></span> <span class='ocrx_word' id='word_1_223' title='bbox 468 1872 579 1934; x_wconf 89' lang='lat' dir='ltr'><strong>partes,</strong></span> <span class='ocrx_word' id='word_1_224' title='bbox 593 1871 657 1918; x_wconf 91' lang='lat' dir='ltr'><strong>tunc</strong></span> <span class='ocrx_word' id='word_1_225' title='bbox 672 1872 745 1919; x_wconf 86' lang='lat' dir='ltr'><strong>tecte</strong></span> <span class='ocrx_word' id='word_1_226' title='bbox 759 1863 842 1919; x_wconf 89' lang='lat' dir='ltr'><strong>totius</strong></span> <span class='ocrx_word' id='word_1_227' title='bbox 856 1880 953 1920; x_wconf 87' lang='lat' dir='ltr'><strong>nonnen</strong></span> <span class='ocrx_word' id='word_1_228' title='bbox 969 1864 995 1928; x_wconf 82' lang='grc' dir='ltr'><strong><em>Β</em></strong></span> <span class='ocrx_word' id='word_1_229' title='bbox 1010 1861 1066 1917; x_wconf 81' lang='lat' dir='ltr'><strong>lter</strong></span> <span class='ocrx_word' id='word_1_230' title='bbox 1083 1863 1246 1918; x_wconf 71' lang='lat' dir='ltr'><strong>consistentia</strong></span> <span class='ocrx_word' id='word_1_231' title='bbox 1261 1863 1344 1919; x_wconf 81' lang='lat' dir='ltr'><strong>dicere</strong></span> <span class='ocrx_word' id='word_1_232' title='bbox 1358 1862 1490 1919; x_wconf 84' lang='lat' dir='ltr'><strong>recuanlro.</strong></span> <span class='ocrx_word' id='word_1_233' title='bbox 1503 1864 1662 1918; x_wconf 74' lang='lat' dir='ltr'><strong>dirimimur</strong></span> <span class='ocrx_word' id='word_1_234' title='bbox 1677 1862 1745 1919; x_wconf 65' lang='lat' dir='ltr'><strong>emm</strong></span> <span class='ocrx_word' id='word_1_235' title='bbox 1759 1876 1806 1917; x_wconf 87' lang='lat' dir='ltr'><strong>ne·</strong></span> 
     </span>
     <span class='ocr_line' id='line_1_18' title="bbox 158 1954 1769 2029; baseline 0.001 -18"><span class='ocrx_word' id='word_1_236' title='bbox 158 1954 306 2025; x_wconf 76' lang='lat' dir='ltr'><strong>excipiunt.</strong></span> <span class='ocrx_word' id='word_1_237' title='bbox 322 1954 360 2011; x_wconf 81' lang='lat' dir='ltr'><strong>lle</strong></span> <span class='ocrx_word' id='word_1_238' title='bbox 374 1970 407 2012; x_wconf 86' lang='lat' dir='ltr'><strong>ea</strong></span> <span class='ocrx_word' id='word_1_239' title='bbox 420 1971 486 2012; x_wconf 79' lang='lat' dir='ltr'><strong>vern</strong></span> <span class='ocrx_word' id='word_1_240' title='bbox 498 1956 631 2013; x_wconf 79' lang='lat' dir='ltr'><strong>divisione</strong></span> <span class='ocrx_word' id='word_1_241' title='bbox 643 1971 704 2025; x_wconf 77' lang='lat' dir='ltr'><strong>quor</strong></span> <span class='ocrx_word' id='word_1_242' title='bbox 718 1955 862 2011; x_wconf 89' lang='lat' dir='ltr'><strong>secundnm</strong></span> <span class='ocrx_word' id='word_1_243' title='bbox 885 1958 956 2014; x_wconf 86' lang='lat' dir='ltr'><strong>acei-</strong></span> <span class='ocrx_word' id='word_1_244' title='bbox 1008 1956 1107 2028; x_wconf 81' lang='lat' dir='ltr'><strong>qutiuru</strong></span> <span class='ocrx_word' id='word_1_245' title='bbox 1119 1965 1156 2011; x_wconf 85' lang='lat' dir='ltr'><strong>est</strong></span> <span class='ocrx_word' id='word_1_246' title='bbox 1170 1956 1364 2027; x_wconf 57' lang='lat' dir='ltr'><strong>lirinensibus</strong></span> <span class='ocrx_word' id='word_1_247' title='bbox 1377 1957 1485 2028; x_wconf 79' lang='lat' dir='ltr'><strong>majoris</strong></span> <span class='ocrx_word' id='word_1_248' title='bbox 1500 1972 1574 2029; x_wconf 80' lang='lat' dir='ltr'><strong>eqens</strong></span> <span class='ocrx_word' id='word_1_249' title='bbox 1583 1956 1769 2027; x_wconf 82' lang='lat' dir='ltr'><strong>inquisitionis.</strong></span> 
     </span>
     <span class='ocr_line' id='line_1_19' title="bbox 160 2044 1806 2119; baseline 0.001 -17"><span class='ocrx_word' id='word_1_250' title='bbox 160 2044 228 2102; x_wconf 85' lang='lat' dir='ltr'><strong>deos</strong></span> <span class='ocrx_word' id='word_1_251' title='bbox 238 2048 279 2114; x_wconf 90' lang='lat' dir='ltr'><strong>iit,</strong></span> <span class='ocrx_word' id='word_1_252' title='bbox 290 2046 379 2102; x_wconf 85' lang='lat' dir='ltr'><strong>nullus</strong></span> <span class='ocrx_word' id='word_1_253' title='bbox 390 2048 507 2118; x_wconf 70' lang='lat' dir='ltr'><strong>ignorat,</strong></span> <span class='ocrx_word' id='word_1_254' title='bbox 522 2047 586 2119; x_wconf 89' lang='lat' dir='ltr'><strong>quin</strong></span> <span class='ocrx_word' id='word_1_255' title='bbox 600 2048 737 2117; x_wconf 71' lang='lat' dir='ltr'><strong>incognito</strong></span> <span class='ocrx_word' id='word_1_256' title='bbox 756 2048 900 2117; x_wconf 89' lang='lat' dir='ltr'><strong>accidenti,</strong></span> <span class='ocrx_word' id='word_1_257' title='bbox 914 2051 957 2108; x_wconf 84' lang='lat' dir='ltr'><strong>in·</strong></span> <span class='ocrx_word' id='word_1_258' title='bbox 1046 2046 1173 2111; x_wconf 78' lang='lat' dir='ltr'><strong>littores,</strong></span> <span class='ocrx_word' id='word_1_259' title='bbox 1185 2046 1282 2118; x_wconf 89' lang='lat' dir='ltr'><strong>inquit,</strong></span> <span class='ocrx_word' id='word_1_260' title='bbox 1296 2048 1458 2118; x_wconf 83' lang='lat' dir='ltr'><strong>quaestiones</strong></span> <span class='ocrx_word' id='word_1_261' title='bbox 1469 2058 1599 2118; x_wconf 79' lang='lat' dir='ltr'><strong>praetereo</strong></span> <span class='ocrx_word' id='word_1_262' title='bbox 1609 2062 1644 2103; x_wconf 90' lang='lat' dir='ltr'><strong>ne</strong></span> <span class='ocrx_word' id='word_1_263' title='bbox 1656 2047 1696 2103; x_wconf 88' lang='lat' dir='ltr'><strong>eis</strong></span> <span class='ocrx_word' id='word_1_264' title='bbox 1707 2048 1806 2104; x_wconf 87' lang='lat' dir='ltr'><strong>iutern-</strong></span> 
     </span>
     <span class='ocr_line' id='line_1_20' title="bbox 160 2137 1805 2212; baseline -0.001 -17"><span class='ocrx_word' id='word_1_265' title='bbox 160 2140 320 2211; x_wconf 78' lang='lat' dir='ltr'><strong>eoqnitaque</strong></span> <span class='ocrx_word' id='word_1_266' title='bbox 332 2139 356 2195; x_wconf 89' lang='lat' dir='ltr'><strong>ti</strong></span> <span class='ocrx_word' id='word_1_267' title='bbox 366 2142 473 2212; x_wconf 68' lang='lat' dir='ltr'><strong>generis</strong></span> <span class='ocrx_word' id='word_1_268' title='bbox 483 2155 515 2197; x_wconf 89' lang='lat' dir='ltr'><strong>ae</strong></span> <span class='ocrx_word' id='word_1_269' title='bbox 524 2139 746 2208; x_wconf 88' lang='lat' dir='ltr'><strong>diiierentiarnm,</strong></span> <span class='ocrx_word' id='word_1_270' title='bbox 759 2141 836 2197; x_wconf 89' lang='lat' dir='ltr'><strong>lacile</strong></span> <span class='ocrx_word' id='word_1_271' title='bbox 847 2143 957 2201; x_wconf 83' lang='lat' dir='ltr'><strong>euenire</strong></span> <span class='ocrx_word' id='word_1_272' title='bbox 1009 2138 1116 2209; x_wconf 83' lang='lat' dir='ltr'><strong>pestite</strong></span> <span class='ocrx_word' id='word_1_273' title='bbox 1136 2139 1245 2196; x_wconf 90' lang='lat' dir='ltr'><strong>lectoris</strong></span> <span class='ocrx_word' id='word_1_274' title='bbox 1265 2139 1355 2195; x_wconf 90' lang='lat' dir='ltr'><strong>animo</strong></span> <span class='ocrx_word' id='word_1_275' title='bbox 1370 2140 1484 2209; x_wconf 76' lang='lat' dir='ltr'><strong>tupesclu</strong></span> <span class='ocrx_word' id='word_1_276' title='bbox 1500 2139 1574 2195; x_wconf 87' lang='lat' dir='ltr'><strong>initia</strong></span> <span class='ocrx_word' id='word_1_277' title='bbox 1587 2139 1646 2210; x_wconf 79' lang='lat' dir='ltr'><strong>ejus</strong></span> <span class='ocrx_word' id='word_1_278' title='bbox 1660 2137 1805 2210; x_wconf 89' lang='lat' dir='ltr'><strong>primitias·</strong></span> 
     </span>
     <span class='ocr_line' id='line_1_21' title="bbox 158 2231 1806 2306; baseline -0.002 -17"><span class='ocrx_word' id='word_1_279' title='bbox 158 2234 245 2303; x_wconf 89' lang='lat' dir='ltr'><strong>possit</strong></span> <span class='ocrx_word' id='word_1_280' title='bbox 268 2240 299 2289; x_wconf 90' lang='lat' dir='ltr'><strong>ut</strong></span> <span class='ocrx_word' id='word_1_281' title='bbox 323 2234 448 2290; x_wconf 85' lang='lat' dir='ltr'><strong>accidens</strong></span> <span class='ocrx_word' id='word_1_282' title='bbox 472 2234 508 2290; x_wconf 89' lang='lat' dir='ltr'><strong>ita</strong></span> <span class='ocrx_word' id='word_1_283' title='bbox 537 2236 564 2289; x_wconf 91' lang='lat' dir='ltr'><strong>in</strong></span> <span class='ocrx_word' id='word_1_284' title='bbox 589 2233 713 2303; x_wconf 84' lang='lat' dir='ltr'><strong>subjecta</strong></span> <span class='ocrx_word' id='word_1_285' title='bbox 736 2234 857 2290; x_wconf 82' lang='lat' dir='ltr'><strong>soluatur</strong></span> <span class='ocrx_word' id='word_1_286' title='bbox 880 2236 957 2306; x_wconf 89' lang='lat' dir='ltr'><strong>qnasi</strong></span> <span class='ocrx_word' id='word_1_287' title='bbox 1009 2232 1309 2305; x_wconf 80' lang='lat' dir='ltr'><strong>qnepernorncm.scd</strong></span> <span class='ocrx_word' id='word_1_288' title='bbox 1325 2246 1358 2289; x_wconf 89' lang='lat' dir='ltr'><strong>ne</strong></span> <span class='ocrx_word' id='word_1_289' title='bbox 1372 2233 1483 2288; x_wconf 92' lang='lat' dir='ltr'><strong>omuino</strong></span> <span class='ocrx_word' id='word_1_290' title='bbox 1499 2232 1600 2289; x_wconf 89' lang='lat' dir='ltr'><strong>laceret</strong></span> <span class='ocrx_word' id='word_1_291' title='bbox 1614 2231 1806 2303; x_wconf 67' lang='lat' dir='ltr'><strong>negligentem,</strong></span> 
     </span>
     <span class='ocr_line' id='line_1_22' title="bbox 158 2323 1803 2397; baseline 0 -18"><span class='ocrx_word' id='word_1_292' title='bbox 158 2336 242 2396; x_wconf 75' lang='lat' dir='ltr'><strong>qenus</strong></span> <span class='ocrx_word' id='word_1_293' title='bbox 255 2324 283 2381; x_wconf 92' lang='lat' dir='ltr'><strong>ln</strong></span> <span class='ocrx_word' id='word_1_294' title='bbox 296 2325 413 2397; x_wconf 86' lang='lat' dir='ltr'><strong>species,</strong></span> <span class='ocrx_word' id='word_1_295' title='bbox 435 2334 463 2382; x_wconf 89' lang='lat' dir='ltr'><strong>et</strong></span> <span class='ocrx_word' id='word_1_296' title='bbox 476 2334 612 2395; x_wconf 89' lang='lat' dir='ltr'><strong>postremo</strong></span> <span class='ocrx_word' id='word_1_297' title='bbox 626 2341 732 2381; x_wconf 85' lang='lat' dir='ltr'><strong>curnem</strong></span> <span class='ocrx_word' id='word_1_298' title='bbox 746 2325 817 2383; x_wconf 85' lang='lat' dir='ltr'><strong>buno</strong></span> <span class='ocrx_word' id='word_1_299' title='bbox 831 2326 955 2383; x_wconf 86' lang='lat' dir='ltr'><strong>ordinem</strong></span> <span class='ocrx_word' id='word_1_300' title='bbox 1009 2333 1042 2380; x_wconf 86' lang='lat' dir='ltr'><strong>ut</strong></span> <span class='ocrx_word' id='word_1_301' title='bbox 1063 2324 1128 2379; x_wconf 83' lang='lat' dir='ltr'><strong>nihil</strong></span> <span class='ocrx_word' id='word_1_302' title='bbox 1145 2332 1322 2396; x_wconf 72' lang='lat' dir='ltr'><strong>preterquam</strong></span> <span class='ocrx_word' id='word_1_303' title='bbox 1342 2323 1414 2395; x_wconf 88' lang='lat' dir='ltr'><strong>quod</strong></span> <span class='ocrx_word' id='word_1_304' title='bbox 1435 2329 1493 2395; x_wconf 83' lang='lat' dir='ltr'><strong>ipse</strong></span> <span class='ocrx_word' id='word_1_305' title='bbox 1506 2323 1618 2381; x_wconf 79' lang='lat' dir='ltr'><strong>dixisset</strong></span> <span class='ocrx_word' id='word_1_306' title='bbox 1640 2324 1726 2381; x_wconf 87' lang='lat' dir='ltr'><strong>lector</strong></span> <span class='ocrx_word' id='word_1_307' title='bbox 1744 2337 1803 2379; x_wconf 89' lang='lat' dir='ltr'><strong>am·</strong></span> 
     </span>
    </p>
   </div>
   <div class='ocr_carea' id='block_1_3' title="bbox 160 2509 1841 5820">
    <p class='ocr_par' dir='ltr' id='par_1_4' title="bbox 160 2509 1841 5820">
     <span class='ocr_line' id='line_1_23' title="bbox 160 2509 1807 2586; baseline -0.001 -17"><span class='ocrx_word' id='word_1_308' title='bbox 160 2516 287 2585; x_wconf 89' lang='lat' dir='ltr'><strong>qnoniam</strong></span> <span class='ocrx_word' id='word_1_309' title='bbox 299 2513 363 2585; x_wconf 92' lang='lat' dir='ltr'><strong>quid</strong></span> <span class='ocrx_word' id='word_1_310' title='bbox 377 2513 411 2569; x_wconf 90' lang='lat' dir='ltr'><strong>ad</strong></span> <span class='ocrx_word' id='word_1_311' title='bbox 422 2512 581 2570; x_wconf 88' lang='lat' dir='ltr'><strong>diuisionem</strong></span> <span class='ocrx_word' id='word_1_312' title='bbox 596 2513 639 2569; x_wconf 92' lang='lat' dir='ltr'><strong>bic</strong></span> <span class='ocrx_word' id='word_1_313' title='bbox 652 2512 720 2569; x_wconf 89' lang='lat' dir='ltr'><strong>liber</strong></span> <span class='ocrx_word' id='word_1_314' title='bbox 730 2514 818 2586; x_wconf 89' lang='lat' dir='ltr'><strong>prosit</strong></span> <span class='ocrx_word' id='word_1_315' title='bbox 835 2512 958 2569; x_wconf 89' lang='lat' dir='ltr'><strong>ostendi·</strong></span> <span class='ocrx_word' id='word_1_316' title='bbox 1009 2524 1072 2566; x_wconf 86' lang='lat' dir='ltr'><strong>sese</strong></span> <span class='ocrx_word' id='word_1_317' title='bbox 1093 2509 1202 2566; x_wconf 76' lang='lat' dir='ltr'><strong>differre</strong></span> <span class='ocrx_word' id='word_1_318' title='bbox 1220 2511 1360 2582; x_wconf 81' lang='lat' dir='ltr'><strong>promisit,</strong></span> <span class='ocrx_word' id='word_1_319' title='bbox 1386 2510 1500 2584; x_wconf 87' lang='lat' dir='ltr'><strong>addidit,</strong></span> <span class='ocrx_word' id='word_1_320' title='bbox 1525 2527 1561 2569; x_wconf 90' lang='lat' dir='ltr'><strong>ne</strong></span> <span class='ocrx_word' id='word_1_321' title='bbox 1583 2511 1618 2570; x_wconf 85' lang='lat' dir='ltr'><strong>de</strong></span> <span class='ocrx_word' id='word_1_322' title='bbox 1634 2512 1675 2569; x_wconf 85' lang='lat' dir='ltr'><strong>bis</strong></span> <span class='ocrx_word' id='word_1_323' title='bbox 1694 2512 1807 2570; x_wconf 88' lang='lat' dir='ltr'><strong>minime</strong></span> 
     </span>
     <span class='ocr_line' id='line_1_24' title="bbox 161 2602 1808 2680; baseline 0.001 -18"><span class='ocrx_word' id='word_1_324' title='bbox 161 2621 233 2671; x_wconf 86' lang='grc' dir='ltr'>ιιιιιι,</span> <span class='ocrx_word' id='word_1_325' title='bbox 247 2621 319 2663; x_wconf 90' lang='lat' dir='ltr'><strong>nunc</strong></span> <span class='ocrx_word' id='word_1_326' title='bbox 330 2607 365 2662; x_wconf 91' lang='lat' dir='ltr'><strong>de</strong></span> <span class='ocrx_word' id='word_1_327' title='bbox 377 2606 607 2663; x_wconf 73' lang='lat' dir='ltr'><strong>demonstratione</strong></span> <span class='ocrx_word' id='word_1_328' title='bbox 620 2606 752 2672; x_wconf 88' lang='lat' dir='ltr'><strong>dicemus,</strong></span> <span class='ocrx_word' id='word_1_329' title='bbox 764 2624 798 2663; x_wconf 93' lang='lat' dir='ltr'><strong>nc</strong></span> <span class='ocrx_word' id='word_1_330' title='bbox 811 2623 860 2678; x_wconf 88' lang='lat' dir='ltr'><strong>per</strong></span> <span class='ocrx_word' id='word_1_331' title='bbox 874 2606 957 2662; x_wconf 89' lang='lat' dir='ltr'><strong>ardua</strong></span> <span class='ocrx_word' id='word_1_332' title='bbox 1009 2602 1126 2660; x_wconf 89' lang='lat' dir='ltr'><strong>obscure</strong></span> <span class='ocrx_word' id='word_1_333' title='bbox 1140 2605 1299 2676; x_wconf 86' lang='lat' dir='ltr'><strong>penitusque</strong></span> <span class='ocrx_word' id='word_1_334' title='bbox 1321 2606 1463 2663; x_wconf 86' lang='lat' dir='ltr'><strong>tractando</strong></span> <span class='ocrx_word' id='word_1_335' title='bbox 1475 2606 1572 2664; x_wconf 81' lang='lat' dir='ltr'><strong>lectori</strong></span> <span class='ocrx_word' id='word_1_336' title='bbox 1591 2607 1736 2680; x_wconf 90' lang='lat' dir='ltr'><strong>quidquam</strong></span> <span class='ocrx_word' id='word_1_337' title='bbox 1755 2606 1808 2663; x_wconf 90' lang='lat' dir='ltr'><strong>ob-</strong></span> 
     </span>
     <span class='ocr_line' id='line_1_25' title="bbox 161 2696 1808 2772; baseline -0.001 -16"><span class='ocrx_word' id='word_1_338' title='bbox 161 2711 241 2772; x_wconf 83' lang='lat' dir='ltr'><strong>ttqne</strong></span> <span class='ocrx_word' id='word_1_339' title='bbox 262 2700 382 2756; x_wconf 84' lang='lat' dir='ltr'><strong>diitlcilia</strong></span> <span class='ocrx_word' id='word_1_340' title='bbox 404 2701 517 2770; x_wconf 82' lang='lat' dir='ltr'><strong>baereat,</strong></span> <span class='ocrx_word' id='word_1_341' title='bbox 533 2701 579 2772; x_wconf 92' lang='lat' dir='ltr'><strong>qui</strong></span> <span class='ocrx_word' id='word_1_342' title='bbox 597 2699 626 2755; x_wconf 92' lang='lat' dir='ltr'><strong>in</strong></span> <span class='ocrx_word' id='word_1_343' title='bbox 648 2709 722 2757; x_wconf 91' lang='lat' dir='ltr'><strong>tauta</strong></span> <span class='ocrx_word' id='word_1_344' title='bbox 745 2701 794 2756; x_wconf 85' lang='lat' dir='ltr'><strong>bac</strong></span> <span class='ocrx_word' id='word_1_345' title='bbox 817 2700 958 2770; x_wconf 88' lang='lat' dir='ltr'><strong>disciplina</strong></span> <span class='ocrx_word' id='word_1_346' title='bbox 1009 2697 1149 2752; x_wconf 89' lang='lat' dir='ltr'><strong>scuritatis</strong></span> <span class='ocrx_word' id='word_1_347' title='bbox 1172 2696 1337 2766; x_wconf 80' lang='lat' dir='ltr'><strong>effunderet,</strong></span> <span class='ocrx_word' id='word_1_348' title='bbox 1359 2707 1388 2757; x_wconf 90' lang='lat' dir='ltr'><strong>et</strong></span> <span class='ocrx_word' id='word_1_349' title='bbox 1410 2709 1499 2756; x_wconf 90' lang='lat' dir='ltr'><strong>tamen</strong></span> <span class='ocrx_word' id='word_1_350' title='bbox 1525 2698 1638 2758; x_wconf 89' lang='lat' dir='ltr'><strong>scientia</strong></span> <span class='ocrx_word' id='word_1_351' title='bbox 1664 2701 1808 2757; x_wconf 71' lang='lat' dir='ltr'><strong>roboratus</strong></span> 
     </span>
     <span class='ocr_line' id='line_1_26' title="bbox 163 2789 1807 2865; baseline -0.002 -16"><span class='ocrx_word' id='word_1_352' title='bbox 163 2794 364 2865; x_wconf 69' lang='lat' dir='ltr'><strong>vigilantissimo</strong></span> <span class='ocrx_word' id='word_1_353' title='bbox 388 2795 495 2865; x_wconf 74' lang='lat' dir='ltr'><strong>ingenio</strong></span> <span class='ocrx_word' id='word_1_354' title='bbox 522 2804 550 2851; x_wconf 92' lang='lat' dir='ltr'><strong>et</strong></span> <span class='ocrx_word' id='word_1_355' title='bbox 565 2795 742 2852; x_wconf 89' lang='lat' dir='ltr'><strong>solertissimo</strong></span> <span class='ocrx_word' id='word_1_356' title='bbox 765 2794 858 2850; x_wconf 89' lang='lat' dir='ltr'><strong>labore</strong></span> <span class='ocrx_word' id='word_1_357' title='bbox 879 2795 959 2849; x_wconf 87' lang='lat' dir='ltr'><strong>stula-</strong></span> <span class='ocrx_word' id='word_1_358' title='bbox 1010 2789 1075 2860; x_wconf 89' lang='lat' dir='ltr'><strong>quid</strong></span> <span class='ocrx_word' id='word_1_359' title='bbox 1100 2791 1184 2859; x_wconf 78' lang='lat' dir='ltr'><strong>quari</strong></span> <span class='ocrx_word' id='word_1_360' title='bbox 1212 2789 1274 2861; x_wconf 76' lang='lat' dir='ltr'><strong>iure</strong></span> <span class='ocrx_word' id='word_1_361' title='bbox 1301 2793 1386 2861; x_wconf 86' lang='lat' dir='ltr'><strong>possit</strong></span> <span class='ocrx_word' id='word_1_362' title='bbox 1413 2802 1584 2863; x_wconf 71' lang='lat' dir='ltr'><strong>agnosceret.</strong></span> <span class='ocrx_word' id='word_1_363' title='bbox 1617 2792 1686 2850; x_wconf 83' lang='lat' dir='ltr'><strong>Sunt</strong></span> <span class='ocrx_word' id='word_1_364' title='bbox 1716 2800 1807 2847; x_wconf 87' lang='lat' dir='ltr'><strong>antem</strong></span> 
     </span>
     <span class='ocr_line' id='line_1_27' title="bbox 164 2883 1804 2959; baseline 0.001 -21"><span class='ocrx_word' id='word_1_365' title='bbox 164 2886 230 2943; x_wconf 81' lang='lat' dir='ltr'><strong>serit</strong></span> <span class='ocrx_word' id='word_1_366' title='bbox 244 2886 381 2943; x_wconf 79' lang='lat' dir='ltr'><strong>:illenim</strong></span> <span class='ocrx_word' id='word_1_367' title='bbox 395 2887 598 2953; x_wconf 71' lang='lat' dir='ltr'><strong>demonstratio,</strong></span> <span class='ocrx_word' id='word_1_368' title='bbox 614 2887 640 2943; x_wconf 93' lang='lat' dir='ltr'><strong>id</strong></span> <span class='ocrx_word' id='word_1_369' title='bbox 654 2895 695 2943; x_wconf 88' lang='lat' dir='ltr'><strong>est</strong></span> <span class='ocrx_word' id='word_1_370' title='bbox 708 2887 821 2955; x_wconf 79' lang='lat' dir='ltr'><strong>alicuius</strong></span> <span class='ocrx_word' id='word_1_371' title='bbox 836 2883 958 2956; x_wconf 72' lang='lat' dir='ltr'><strong>quesita</strong></span> <span class='ocrx_word' id='word_1_372' title='bbox 1010 2883 1257 2959; x_wconf 75' lang='lat' dir='ltr'><strong>quaestionesque</strong></span> <span class='ocrx_word' id='word_1_373' title='bbox 1274 2897 1335 2940; x_wconf 80' lang='lat' dir='ltr'><strong>sese</strong></span> <span class='ocrx_word' id='word_1_374' title='bbox 1349 2883 1465 2941; x_wconf 87' lang='lat' dir='ltr'><strong>reticere</strong></span> <span class='ocrx_word' id='word_1_375' title='bbox 1478 2884 1610 2956; x_wconf 89' lang='lat' dir='ltr'><strong>promittit</strong></span> <span class='ocrx_word' id='word_1_376' title='bbox 1622 2894 1650 2941; x_wconf 91' lang='lat' dir='ltr'><strong>et</strong></span> <span class='ocrx_word' id='word_1_377' title='bbox 1663 2883 1804 2957; x_wconf 86' lang='lat' dir='ltr'><strong>perutiles,</strong></span> 
     </span>
     <span class='ocr_line' id='line_1_28' title="bbox 165 2975 1809 3051; baseline -0.002 -16"><span class='ocrx_word' id='word_1_378' title='bbox 165 2977 203 3035; x_wconf 87' lang='lat' dir='ltr'><strong>rei</strong></span> <span class='ocrx_word' id='word_1_379' title='bbox 215 2988 286 3035; x_wconf 84' lang='lat' dir='ltr'><strong>certa</strong></span> <span class='ocrx_word' id='word_1_380' title='bbox 302 2977 415 3033; x_wconf 87' lang='lat' dir='ltr'><strong>ratiotnis</strong></span> <span class='ocrx_word' id='word_1_381' title='bbox 429 2978 563 3048; x_wconf 87' lang='lat' dir='ltr'><strong>collectio,</strong></span> <span class='ocrx_word' id='word_1_382' title='bbox 578 2995 611 3035; x_wconf 88' lang='lat' dir='ltr'><strong>cx</strong></span> <span class='ocrx_word' id='word_1_383' title='bbox 624 2990 686 3035; x_wconf 90' lang='lat' dir='ltr'><strong>ante</strong></span> <span class='ocrx_word' id='word_1_384' title='bbox 699 2977 814 3051; x_wconf 67' lang='lat' dir='ltr'><strong>coguitis</strong></span> <span class='ocrx_word' id='word_1_385' title='bbox 829 2976 959 3034; x_wconf 80' lang='lat' dir='ltr'><strong>naturali·</strong></span> <span class='ocrx_word' id='word_1_386' title='bbox 1010 2980 1040 3029; x_wconf 89' lang='lat' dir='ltr'><strong>et</strong></span> <span class='ocrx_word' id='word_1_387' title='bbox 1060 2983 1186 3042; x_wconf 73' lang='lat' dir='ltr'><strong>secreta,</strong></span> <span class='ocrx_word' id='word_1_388' title='bbox 1215 2983 1243 3031; x_wconf 87' lang='lat' dir='ltr'><strong>et</strong></span> <span class='ocrx_word' id='word_1_389' title='bbox 1263 2982 1373 3033; x_wconf 84' lang='lat' dir='ltr'><strong>tentatas</strong></span> <span class='ocrx_word' id='word_1_390' title='bbox 1390 2976 1499 3048; x_wconf 89' lang='lat' dir='ltr'><strong>quidem</strong></span> <span class='ocrx_word' id='word_1_391' title='bbox 1517 2992 1535 3032; x_wconf 86' lang='lat' dir='ltr'><strong>a</strong></span> <span class='ocrx_word' id='word_1_392' title='bbox 1552 2975 1640 3033; x_wconf 87' lang='lat' dir='ltr'><strong>doctis</strong></span> <span class='ocrx_word' id='word_1_393' title='bbox 1663 2975 1742 3046; x_wconf 85' lang='lat' dir='ltr'><strong>ni&#39;ris,</strong></span> <span class='ocrx_word' id='word_1_394' title='bbox 1756 2988 1809 3032; x_wconf 80' lang='lat' dir='ltr'><strong>nee</strong></span> 
     </span>
     <span class='ocr_line' id='line_1_29' title="bbox 166 3066 1809 3141; baseline -0.001 -17"><span class='ocrx_word' id='word_1_395' title='bbox 166 3079 216 3133; x_wconf 84' lang='lat' dir='ltr'><strong>ter,</strong></span> <span class='ocrx_word' id='word_1_396' title='bbox 228 3086 261 3127; x_wconf 87' lang='lat' dir='ltr'><strong>er</strong></span> <span class='ocrx_word' id='word_1_397' title='bbox 278 3069 511 3137; x_wconf 83' lang='lat' dir='ltr'><strong>convenientibus,</strong></span> <span class='ocrx_word' id='word_1_398' title='bbox 526 3086 560 3126; x_wconf 83' lang='lat' dir='ltr'><strong>en</strong></span> <span class='ocrx_word' id='word_1_399' title='bbox 578 3070 682 3140; x_wconf 89' lang='lat' dir='ltr'><strong>primis,</strong></span> <span class='ocrx_word' id='word_1_400' title='bbox 696 3084 729 3127; x_wconf 82' lang='lat' dir='ltr'><strong>es</strong></span> <span class='ocrx_word' id='word_1_401' title='bbox 751 3084 844 3136; x_wconf 85' lang='lat' dir='ltr'><strong>causa,</strong></span> <span class='ocrx_word' id='word_1_402' title='bbox 857 3085 891 3126; x_wconf 83' lang='lat' dir='ltr'><strong>ex</strong></span> <span class='ocrx_word' id='word_1_403' title='bbox 912 3084 960 3125; x_wconf 91' lang='lat' dir='ltr'><strong>no-</strong></span> <span class='ocrx_word' id='word_1_404' title='bbox 1011 3066 1319 3137; x_wconf 77' lang='lat' dir='ltr'><strong>spluribusdissoluta,</strong></span> <span class='ocrx_word' id='word_1_405' title='bbox 1333 3083 1448 3140; x_wconf 87' lang='lat' dir='ltr'><strong>quarum</strong></span> <span class='ocrx_word' id='word_1_406' title='bbox 1463 3069 1550 3141; x_wconf 86' lang='lat' dir='ltr'><strong>prima</strong></span> <span class='ocrx_word' id='word_1_407' title='bbox 1570 3078 1613 3126; x_wconf 90' lang='lat' dir='ltr'><strong>est</strong></span> <span class='ocrx_word' id='word_1_408' title='bbox 1629 3067 1809 3140; x_wconf 78' lang='lat' dir='ltr'><strong>hujusmodis</strong></span> 
     </span>
     <span class='ocr_line' id='line_1_30' title="bbox 164 3147 1809 3239; baseline 0.001 -23"><span class='ocrx_word' id='word_1_409' title='bbox 164 3163 299 3228; x_wconf 78' lang='lat' dir='ltr'><strong>sestariis,</strong></span> <span class='ocrx_word' id='word_1_410' title='bbox 315 3177 349 3219; x_wconf 84' lang='lat' dir='ltr'><strong>er</strong></span> <span class='ocrx_word' id='word_1_411' title='bbox 373 3178 422 3233; x_wconf 89' lang='lat' dir='ltr'><strong>per</strong></span> <span class='ocrx_word' id='word_1_412' title='bbox 441 3178 472 3219; x_wconf 90' lang='lat' dir='ltr'><strong>se</strong></span> <span class='ocrx_word' id='word_1_413' title='bbox 494 3162 697 3219; x_wconf 83' lang='lat' dir='ltr'><strong>inhaerentibus.</strong></span> <span class='ocrx_word' id='word_1_414' title='bbox 716 3162 771 3220; x_wconf 88' lang='lat' dir='ltr'><strong>Sed</strong></span> <span class='ocrx_word' id='word_1_415' title='bbox 785 3178 883 3234; x_wconf 75' lang='lat' dir='ltr'><strong>genera</strong></span> <span class='ocrx_word' id='word_1_416' title='bbox 898 3175 961 3232; x_wconf 90' lang='lat' dir='ltr'><strong>spe·</strong></span> <span class='ocrx_word' id='word_1_417' title='bbox 1012 3160 1100 3215; x_wconf 77' lang='lat' dir='ltr'><strong>donne</strong></span> <span class='ocrx_word' id='word_1_418' title='bbox 1113 3158 1186 3232; x_wconf 90' lang='lat' dir='ltr'><strong>quod</strong></span> <span class='ocrx_word' id='word_1_419' title='bbox 1199 3159 1325 3232; x_wconf 73' lang='lat' dir='ltr'><strong>intelligit</strong></span> <span class='ocrx_word' id='word_1_420' title='bbox 1341 3164 1459 3231; x_wconf 89' lang='lat' dir='ltr'><strong>animus,</strong></span> <span class='ocrx_word' id='word_1_421' title='bbox 1472 3171 1519 3239; x_wconf 13' lang='lat' dir='ltr'><strong>aqut</strong></span> <span class='ocrx_word' id='word_1_422' title='bbox 1540 3160 1568 3217; x_wconf 90' lang='lat' dir='ltr'><strong>ld</strong></span> <span class='ocrx_word' id='word_1_423' title='bbox 1582 3147 1710 3233; x_wconf 62' lang='lat' dir='ltr'><strong>quod&#39;est</strong></span> <span class='ocrx_word' id='word_1_424' title='bbox 1723 3160 1750 3216; x_wconf 92' lang='lat' dir='ltr'><strong>in</strong></span> <span class='ocrx_word' id='word_1_425' title='bbox 1765 3174 1809 3218; x_wconf 84' lang='lat' dir='ltr'><strong>te·</strong></span> 
     </span>
     <span class='ocr_line' id='line_1_31' title="bbox 164 3248 1809 3325; baseline 0.001 -17"><span class='ocrx_word' id='word_1_426' title='bbox 164 3253 264 3316; x_wconf 84' lang='lat' dir='ltr'><strong>ciebnr,</strong></span> <span class='ocrx_word' id='word_1_427' title='bbox 280 3254 386 3324; x_wconf 87' lang='lat' dir='ltr'><strong>species</strong></span> <span class='ocrx_word' id='word_1_428' title='bbox 407 3254 525 3325; x_wconf 90' lang='lat' dir='ltr'><strong>propriis</strong></span> <span class='ocrx_word' id='word_1_429' title='bbox 539 3254 630 3325; x_wconf 91' lang='lat' dir='ltr'><strong>priora</strong></span> <span class='ocrx_word' id='word_1_430' title='bbox 649 3262 711 3309; x_wconf 91' lang='lat' dir='ltr'><strong>suut</strong></span> <span class='ocrx_word' id='word_1_431' title='bbox 733 3254 901 3310; x_wconf 85' lang='lat' dir='ltr'><strong>naturaliter.</strong></span> <span class='ocrx_word' id='word_1_432' title='bbox 917 3253 995 3321; x_wconf 81' lang='lat' dir='ltr'><strong>Exc</strong></span> <span class='ocrx_word' id='word_1_433' title='bbox 1012 3267 1073 3308; x_wconf 86' lang='lat' dir='ltr'><strong>rum</strong></span> <span class='ocrx_word' id='word_1_434' title='bbox 1088 3261 1184 3308; x_wconf 87' lang='lat' dir='ltr'><strong>natura</strong></span> <span class='ocrx_word' id='word_1_435' title='bbox 1199 3252 1386 3323; x_wconf 85' lang='lat' dir='ltr'><strong>constitutum,</strong></span> <span class='ocrx_word' id='word_1_436' title='bbox 1400 3253 1541 3312; x_wconf 84' lang='lat' dir='ltr'><strong>intellectu</strong></span> <span class='ocrx_word' id='word_1_437' title='bbox 1559 3255 1689 3325; x_wconf 88' lang='lat' dir='ltr'><strong>concipit,</strong></span> <span class='ocrx_word' id='word_1_438' title='bbox 1701 3262 1729 3310; x_wconf 93' lang='lat' dir='ltr'><strong>et</strong></span> <span class='ocrx_word' id='word_1_439' title='bbox 1745 3248 1809 3311; x_wconf 87' lang='lat' dir='ltr'><strong>sibi·</strong></span> 
     </span>
     <span class='ocr_line' id='line_1_32' title="bbox 163 3343 1809 3418; baseline 0.001 -18"><span class='ocrx_word' id='word_1_440' title='bbox 163 3345 303 3415; x_wconf 74' lang='lat' dir='ltr'><strong>qmeribus</strong></span> <span class='ocrx_word' id='word_1_441' title='bbox 320 3347 391 3402; x_wconf 90' lang='lat' dir='ltr'><strong>enim</strong></span> <span class='ocrx_word' id='word_1_442' title='bbox 410 3346 515 3416; x_wconf 88' lang='lat' dir='ltr'><strong>specics</strong></span> <span class='ocrx_word' id='word_1_443' title='bbox 536 3344 632 3402; x_wconf 82' lang='lat' dir='ltr'><strong>innunt.</strong></span> <span class='ocrx_word' id='word_1_444' title='bbox 658 3344 723 3402; x_wconf 86' lang='lat' dir='ltr'><strong>ltetn</strong></span> <span class='ocrx_word' id='word_1_445' title='bbox 739 3346 842 3416; x_wconf 87' lang='lat' dir='ltr'><strong>species</strong></span> <span class='ocrx_word' id='word_1_446' title='bbox 863 3346 913 3401; x_wconf 92' lang='lat' dir='ltr'><strong>sub</strong></span> <span class='ocrx_word' id='word_1_447' title='bbox 924 3360 956 3402; x_wconf 90' lang='lat' dir='ltr'><strong>se</strong></span> <span class='ocrx_word' id='word_1_448' title='bbox 1007 3352 1066 3399; x_wconf 89' lang='lat' dir='ltr'><strong>met</strong></span> <span class='ocrx_word' id='word_1_449' title='bbox 1086 3343 1191 3399; x_wconf 88' lang='lat' dir='ltr'><strong>ratione</strong></span> <span class='ocrx_word' id='word_1_450' title='bbox 1210 3344 1353 3411; x_wconf 70' lang='lat' dir='ltr'><strong>describit,</strong></span> <span class='ocrx_word' id='word_1_451' title='bbox 1376 3356 1423 3401; x_wconf 90' lang='lat' dir='ltr'><strong>aut</strong></span> <span class='ocrx_word' id='word_1_452' title='bbox 1443 3345 1471 3402; x_wconf 91' lang='lat' dir='ltr'><strong>id</strong></span> <span class='ocrx_word' id='word_1_453' title='bbox 1493 3344 1565 3418; x_wconf 91' lang='lat' dir='ltr'><strong>quod</strong></span> <span class='ocrx_word' id='word_1_454' title='bbox 1589 3361 1644 3402; x_wconf 93' lang='lat' dir='ltr'><strong>uon</strong></span> <span class='ocrx_word' id='word_1_455' title='bbox 1662 3354 1705 3403; x_wconf 91' lang='lat' dir='ltr'><strong>est</strong></span> <span class='ocrx_word' id='word_1_456' title='bbox 1722 3359 1809 3402; x_wconf 82' lang='lat' dir='ltr'><strong>uacua</strong></span> 
     </span>
     <span class='ocr_line' id='line_1_33' title="bbox 164 3434 1810 3511; baseline 0.002 -18"><span class='ocrx_word' id='word_1_457' title='bbox 164 3438 256 3507; x_wconf 92' lang='lat' dir='ltr'><strong>positis</strong></span> <span class='ocrx_word' id='word_1_458' title='bbox 266 3437 411 3495; x_wconf 83' lang='lat' dir='ltr'><strong>indiuiduis</strong></span> <span class='ocrx_word' id='word_1_459' title='bbox 421 3440 527 3509; x_wconf 85' lang='lat' dir='ltr'><strong>priores</strong></span> <span class='ocrx_word' id='word_1_460' title='bbox 539 3438 698 3496; x_wconf 85' lang='lat' dir='ltr'><strong>naturaliter</strong></span> <span class='ocrx_word' id='word_1_461' title='bbox 710 3453 772 3496; x_wconf 88' lang='lat' dir='ltr'><strong>esse</strong></span> <span class='ocrx_word' id='word_1_462' title='bbox 783 3438 956 3495; x_wconf 83' lang='lat' dir='ltr'><strong>maniiestmn</strong></span> <span class='ocrx_word' id='word_1_463' title='bbox 1008 3435 1061 3491; x_wconf 88' lang='lat' dir='ltr'><strong>sibi</strong></span> <span class='ocrx_word' id='word_1_464' title='bbox 1078 3436 1267 3507; x_wconf 79' lang='lat' dir='ltr'><strong>imaginatione</strong></span> <span class='ocrx_word' id='word_1_465' title='bbox 1283 3436 1415 3510; x_wconf 67' lang='lat' dir='ltr'><strong>depingit.</strong></span> <span class='ocrx_word' id='word_1_466' title='bbox 1431 3437 1504 3511; x_wconf 72' lang='lat' dir='ltr'><strong>liupo</strong></span> <span class='ocrx_word' id='word_1_467' title='bbox 1528 3438 1681 3497; x_wconf 88' lang='lat' dir='ltr'><strong>intellectos</strong></span> <span class='ocrx_word' id='word_1_468' title='bbox 1702 3434 1810 3511; x_wconf 73' lang='lat' dir='ltr'><strong>petierit</strong></span> 
     </span>
     <span class='ocr_line' id='line_1_34' title="bbox 163 3530 1809 3609; baseline 0.001 -23"><span class='ocrx_word' id='word_1_469' title='bbox 163 3540 213 3586; x_wconf 84' lang='lat' dir='ltr'><strong>est.</strong></span> <span class='ocrx_word' id='word_1_470' title='bbox 238 3530 304 3600; x_wconf 77' lang='lat' dir='ltr'><strong>Quae</strong></span> <span class='ocrx_word' id='word_1_471' title='bbox 322 3546 388 3588; x_wconf 83' lang='lat' dir='ltr'><strong>sero</strong></span> <span class='ocrx_word' id='word_1_472' title='bbox 405 3532 494 3602; x_wconf 88' lang='lat' dir='ltr'><strong>priora</strong></span> <span class='ocrx_word' id='word_1_473' title='bbox 514 3540 587 3599; x_wconf 81' lang='lat' dir='ltr'><strong>stunt,</strong></span> <span class='ocrx_word' id='word_1_474' title='bbox 601 3546 635 3587; x_wconf 90' lang='lat' dir='ltr'><strong>ea</strong></span> <span class='ocrx_word' id='word_1_475' title='bbox 656 3539 684 3586; x_wconf 89' lang='lat' dir='ltr'><strong>et</strong></span> <span class='ocrx_word' id='word_1_476' title='bbox 706 3541 911 3602; x_wconf 76' lang='lat' dir='ltr'><strong>praenoscuntur</strong></span> <span class='ocrx_word' id='word_1_477' title='bbox 929 3536 958 3587; x_wconf 90' lang='lat' dir='ltr'><strong>ct</strong></span> <span class='ocrx_word' id='word_1_478' title='bbox 1007 3537 1036 3583; x_wconf 85' lang='lat' dir='ltr'><strong>et</strong></span> <span class='ocrx_word' id='word_1_479' title='bbox 1058 3537 1218 3584; x_wconf 77' lang='lat' dir='ltr'><strong>ceterorum</strong></span> <span class='ocrx_word' id='word_1_480' title='bbox 1241 3530 1394 3609; x_wconf 70' lang='lat' dir='ltr'><strong>eujusmodi</strong></span> <span class='ocrx_word' id='word_1_481' title='bbox 1413 3531 1449 3587; x_wconf 89' lang='lat' dir='ltr'><strong>sit</strong></span> <span class='ocrx_word' id='word_1_482' title='bbox 1464 3531 1613 3603; x_wconf 80' lang='lat' dir='ltr'><strong>quaeritur,</strong></span> <span class='ocrx_word' id='word_1_483' title='bbox 1629 3541 1756 3588; x_wconf 89' lang='lat' dir='ltr'><strong>utrumne</strong></span> <span class='ocrx_word' id='word_1_484' title='bbox 1770 3531 1809 3588; x_wconf 80' lang='lat' dir='ltr'><strong>ita</strong></span> 
     </span>
     <span class='ocr_line' id='line_1_35' title="bbox 163 3620 1810 3697; baseline 0.002 -21"><span class='ocrx_word' id='word_1_485' title='bbox 163 3620 267 3677; x_wconf 92' lang='lat' dir='ltr'><strong>notiora</strong></span> <span class='ocrx_word' id='word_1_486' title='bbox 278 3631 341 3678; x_wconf 88' lang='lat' dir='ltr'><strong>sont</strong></span> <span class='ocrx_word' id='word_1_487' title='bbox 350 3622 573 3695; x_wconf 88' lang='lat' dir='ltr'><strong>subsequentibus</strong></span> <span class='ocrx_word' id='word_1_488' title='bbox 584 3622 753 3681; x_wconf 84' lang='lat' dir='ltr'><strong>naturaliter.</strong></span> <span class='ocrx_word' id='word_1_489' title='bbox 762 3622 871 3680; x_wconf 83' lang='lat' dir='ltr'><strong>linobus</strong></span> <span class='ocrx_word' id='word_1_490' title='bbox 883 3624 957 3679; x_wconf 82' lang='lat' dir='ltr'><strong>enim</strong></span> <span class='ocrx_word' id='word_1_491' title='bbox 1008 3620 1191 3692; x_wconf 76' lang='lat' dir='ltr'><strong>intelligamus</strong></span> <span class='ocrx_word' id='word_1_492' title='bbox 1204 3622 1310 3693; x_wconf 86' lang='lat' dir='ltr'><strong>speeies</strong></span> <span class='ocrx_word' id='word_1_493' title='bbox 1330 3632 1357 3679; x_wconf 91' lang='lat' dir='ltr'><strong>et</strong></span> <span class='ocrx_word' id='word_1_494' title='bbox 1371 3638 1468 3695; x_wconf 68' lang='lat' dir='ltr'><strong>genera</strong></span> <span class='ocrx_word' id='word_1_495' title='bbox 1481 3631 1511 3679; x_wconf 90' lang='lat' dir='ltr'><strong>ut</strong></span> <span class='ocrx_word' id='word_1_496' title='bbox 1524 3637 1557 3680; x_wconf 89' lang='lat' dir='ltr'><strong>ca</strong></span> <span class='ocrx_word' id='word_1_497' title='bbox 1572 3640 1633 3697; x_wconf 79' lang='lat' dir='ltr'><strong>qum</strong></span> <span class='ocrx_word' id='word_1_498' title='bbox 1651 3633 1715 3681; x_wconf 89' lang='lat' dir='ltr'><strong>sunt</strong></span> <span class='ocrx_word' id='word_1_499' title='bbox 1733 3633 1761 3682; x_wconf 89' lang='lat' dir='ltr'><strong>et</strong></span> <span class='ocrx_word' id='word_1_500' title='bbox 1773 3638 1810 3681; x_wconf 83' lang='lat' dir='ltr'><strong>ex</strong></span> 
     </span>
     <span class='ocr_line' id='line_1_36' title="bbox 165 3712 1811 3786; baseline 0.004 -19"><span class='ocrx_word' id='word_1_501' title='bbox 165 3712 253 3768; x_wconf 86' lang='lat' dir='ltr'><strong>orodis</strong></span> <span class='ocrx_word' id='word_1_502' title='bbox 275 3713 390 3781; x_wconf 85' lang='lat' dir='ltr'><strong>primun</strong></span> <span class='ocrx_word' id='word_1_503' title='bbox 413 3713 512 3784; x_wconf 89' lang='lat' dir='ltr'><strong>aliquid</strong></span> <span class='ocrx_word' id='word_1_504' title='bbox 526 3721 554 3769; x_wconf 86' lang='lat' dir='ltr'><strong>et</strong></span> <span class='ocrx_word' id='word_1_505' title='bbox 567 3722 659 3770; x_wconf 90' lang='lat' dir='ltr'><strong>notum</strong></span> <span class='ocrx_word' id='word_1_506' title='bbox 684 3714 793 3781; x_wconf 92' lang='lat' dir='ltr'><strong>dicitur,</strong></span> <span class='ocrx_word' id='word_1_507' title='bbox 809 3713 957 3770; x_wconf 91' lang='lat' dir='ltr'><strong>secundum</strong></span> <span class='ocrx_word' id='word_1_508' title='bbox 1010 3713 1109 3784; x_wconf 91' lang='lat' dir='ltr'><strong>quibus</strong></span> <span class='ocrx_word' id='word_1_509' title='bbox 1121 3728 1215 3771; x_wconf 82' lang='lat' dir='ltr'><strong>rerum</strong></span> <span class='ocrx_word' id='word_1_510' title='bbox 1229 3715 1351 3786; x_wconf 82' lang='lat' dir='ltr'><strong>capimus</strong></span> <span class='ocrx_word' id='word_1_511' title='bbox 1370 3715 1555 3784; x_wconf 87' lang='lat' dir='ltr'><strong>intellectum,</strong></span> <span class='ocrx_word' id='word_1_512' title='bbox 1575 3731 1609 3772; x_wconf 91' lang='lat' dir='ltr'><strong>an</strong></span> <span class='ocrx_word' id='word_1_513' title='bbox 1630 3716 1811 3786; x_wconf 86' lang='lat' dir='ltr'><strong>nosmetipsos</strong></span> 
     </span>
     <span class='ocr_line' id='line_1_37' title="bbox 166 3804 1809 3881; baseline 0.001 -21"><span class='ocrx_word' id='word_1_514' title='bbox 166 3817 217 3861; x_wconf 90' lang='lat' dir='ltr'><strong>nos</strong></span> <span class='ocrx_word' id='word_1_515' title='bbox 237 3804 392 3871; x_wconf 71' lang='lat' dir='ltr'><strong>scilicetne</strong></span> <span class='ocrx_word' id='word_1_516' title='bbox 410 3806 556 3862; x_wconf 87' lang='lat' dir='ltr'><strong>secundum</strong></span> <span class='ocrx_word' id='word_1_517' title='bbox 572 3813 705 3862; x_wconf 85' lang='lat' dir='ltr'><strong>naturam.</strong></span> <span class='ocrx_word' id='word_1_518' title='bbox 730 3806 813 3862; x_wconf 83' lang='lat' dir='ltr'><strong>Nobis</strong></span> <span class='ocrx_word' id='word_1_519' title='bbox 826 3807 897 3862; x_wconf 88' lang='lat' dir='ltr'><strong>enim</strong></span> <span class='ocrx_word' id='word_1_520' title='bbox 913 3805 957 3860; x_wconf 95' lang='lat' dir='ltr'><strong>illa</strong></span> <span class='ocrx_word' id='word_1_521' title='bbox 1007 3805 1143 3864; x_wconf 90' lang='lat' dir='ltr'><strong>eludimus</strong></span> <span class='ocrx_word' id='word_1_522' title='bbox 1161 3823 1223 3864; x_wconf 89' lang='lat' dir='ltr'><strong>eum</strong></span> <span class='ocrx_word' id='word_1_523' title='bbox 1240 3823 1276 3864; x_wconf 89' lang='lat' dir='ltr'><strong>ea</strong></span> <span class='ocrx_word' id='word_1_524' title='bbox 1295 3822 1356 3881; x_wconf 78' lang='lat' dir='ltr'><strong>qum</strong></span> <span class='ocrx_word' id='word_1_525' title='bbox 1371 3824 1425 3864; x_wconf 91' lang='lat' dir='ltr'><strong>nou</strong></span> <span class='ocrx_word' id='word_1_526' title='bbox 1440 3817 1504 3864; x_wconf 89' lang='lat' dir='ltr'><strong>sunt</strong></span> <span class='ocrx_word' id='word_1_527' title='bbox 1523 3808 1602 3865; x_wconf 87' lang='lat' dir='ltr'><strong>nobis</strong></span> <span class='ocrx_word' id='word_1_528' title='bbox 1619 3824 1694 3866; x_wconf 89' lang='lat' dir='ltr'><strong>cassa</strong></span> <span class='ocrx_word' id='word_1_529' title='bbox 1710 3807 1809 3880; x_wconf 77' lang='lat' dir='ltr'><strong>imagi·</strong></span> 
     </span>
     <span class='ocr_line' id='line_1_38' title="bbox 164 3896 1811 3969; baseline 0.001 -18"><span class='ocrx_word' id='word_1_530' title='bbox 164 3896 251 3966; x_wconf 70' lang='lat' dir='ltr'><strong>magis</strong></span> <span class='ocrx_word' id='word_1_531' title='bbox 266 3897 370 3967; x_wconf 74' lang='lat' dir='ltr'><strong>coqmta</strong></span> <span class='ocrx_word' id='word_1_532' title='bbox 382 3907 455 3963; x_wconf 90' lang='lat' dir='ltr'><strong>sunt,</strong></span> <span class='ocrx_word' id='word_1_533' title='bbox 470 3914 530 3969; x_wconf 82' lang='lat' dir='ltr'><strong>quta</strong></span> <span class='ocrx_word' id='word_1_534' title='bbox 544 3906 607 3955; x_wconf 85' lang='lat' dir='ltr'><strong>sunt</strong></span> <span class='ocrx_word' id='word_1_535' title='bbox 619 3896 752 3968; x_wconf 84' lang='lat' dir='ltr'><strong>proxima,</strong></span> <span class='ocrx_word' id='word_1_536' title='bbox 769 3906 799 3953; x_wconf 93' lang='lat' dir='ltr'><strong>ut</strong></span> <span class='ocrx_word' id='word_1_537' title='bbox 812 3896 959 3963; x_wconf 82' lang='lat' dir='ltr'><strong>indiuidua,</strong></span> <span class='ocrx_word' id='word_1_538' title='bbox 1010 3897 1294 3955; x_wconf 82' lang='lat' dir='ltr'><strong>nationeiormamus.</strong></span> <span class='ocrx_word' id='word_1_539' title='bbox 1307 3899 1383 3967; x_wconf 86' lang='lat' dir='ltr'><strong>Quod</strong></span> <span class='ocrx_word' id='word_1_540' title='bbox 1400 3900 1423 3953; x_wconf 91' lang='lat' dir='ltr'><strong>si</strong></span> <span class='ocrx_word' id='word_1_541' title='bbox 1439 3912 1501 3955; x_wconf 90' lang='lat' dir='ltr'><strong>csse</strong></span> <span class='ocrx_word' id='word_1_542' title='bbox 1515 3898 1624 3968; x_wconf 89' lang='lat' dir='ltr'><strong>quidem</strong></span> <span class='ocrx_word' id='word_1_543' title='bbox 1646 3900 1811 3967; x_wconf 90' lang='lat' dir='ltr'><strong>constiterit,</strong></span> 
     </span>
     <span class='ocr_line' id='line_1_39' title="bbox 164 3986 1810 4063; baseline 0.001 -19"><span class='ocrx_word' id='word_1_544' title='bbox 164 3986 266 4044; x_wconf 83' lang='lat' dir='ltr'><strong>debinc</strong></span> <span class='ocrx_word' id='word_1_545' title='bbox 290 3990 409 4058; x_wconf 85' lang='lat' dir='ltr'><strong>speeies,</strong></span> <span class='ocrx_word' id='word_1_546' title='bbox 433 4000 572 4060; x_wconf 89' lang='lat' dir='ltr'><strong>postremo</strong></span> <span class='ocrx_word' id='word_1_547' title='bbox 595 3999 756 4063; x_wconf 74' lang='lat' dir='ltr'><strong>generarat</strong></span> <span class='ocrx_word' id='word_1_548' title='bbox 777 4004 842 4045; x_wconf 82' lang='lat' dir='ltr'><strong>vero</strong></span> <span class='ocrx_word' id='word_1_549' title='bbox 865 3999 959 4045; x_wconf 89' lang='lat' dir='ltr'><strong>natura</strong></span> <span class='ocrx_word' id='word_1_550' title='bbox 1011 3996 1040 4046; x_wconf 86' lang='lat' dir='ltr'><strong>et</strong></span> <span class='ocrx_word' id='word_1_551' title='bbox 1053 3988 1087 4044; x_wconf 87' lang='lat' dir='ltr'><strong>ab</strong></span> <span class='ocrx_word' id='word_1_552' title='bbox 1103 3990 1144 4046; x_wconf 88' lang='lat' dir='ltr'><strong>bis</strong></span> <span class='ocrx_word' id='word_1_553' title='bbox 1167 4004 1227 4060; x_wconf 80' lang='lat' dir='ltr'><strong>qum</strong></span> <span class='ocrx_word' id='word_1_554' title='bbox 1247 3999 1310 4046; x_wconf 91' lang='lat' dir='ltr'><strong>sunt</strong></span> <span class='ocrx_word' id='word_1_555' title='bbox 1330 3990 1497 4045; x_wconf 86' lang='lat' dir='ltr'><strong>intellectum</strong></span> <span class='ocrx_word' id='word_1_556' title='bbox 1521 3989 1627 4061; x_wconf 90' lang='lat' dir='ltr'><strong>concipi</strong></span> <span class='ocrx_word' id='word_1_557' title='bbox 1650 3989 1810 4057; x_wconf 84' lang='lat' dir='ltr'><strong>dixerimus,</strong></span> 
     </span>
     <span class='ocr_line' id='line_1_40' title="bbox 162 4081 1811 4157; baseline 0.001 -18"><span class='ocrx_word' id='word_1_558' title='bbox 162 4094 297 4139; x_wconf 78' lang='lat' dir='ltr'><strong>conuerso</strong></span> <span class='ocrx_word' id='word_1_559' title='bbox 317 4082 396 4138; x_wconf 89' lang='lat' dir='ltr'><strong>modo</strong></span> <span class='ocrx_word' id='word_1_560' title='bbox 416 4097 449 4140; x_wconf 88' lang='lat' dir='ltr'><strong>ea</strong></span> <span class='ocrx_word' id='word_1_561' title='bbox 471 4095 534 4141; x_wconf 92' lang='lat' dir='ltr'><strong>sunt</strong></span> <span class='ocrx_word' id='word_1_562' title='bbox 558 4086 644 4157; x_wconf 79' lang='lat' dir='ltr'><strong>maqis</strong></span> <span class='ocrx_word' id='word_1_563' title='bbox 667 4086 860 4156; x_wconf 64' lang='lat' dir='ltr'><strong>cognitaque</strong></span> <span class='ocrx_word' id='word_1_564' title='bbox 882 4084 960 4141; x_wconf 85' lang='lat' dir='ltr'><strong>nobie</strong></span> <span class='ocrx_word' id='word_1_565' title='bbox 1012 4087 1078 4136; x_wconf 86' lang='lat' dir='ltr'><strong>tunc</strong></span> <span class='ocrx_word' id='word_1_566' title='bbox 1092 4082 1142 4137; x_wconf 88' lang='lat' dir='ltr'><strong>alia</strong></span> <span class='ocrx_word' id='word_1_567' title='bbox 1166 4082 1300 4152; x_wconf 84' lang='lat' dir='ltr'><strong>majorae</strong></span> <span class='ocrx_word' id='word_1_568' title='bbox 1321 4081 1459 4138; x_wconf 88' lang='lat' dir='ltr'><strong>dilllcilior</strong></span> <span class='ocrx_word' id='word_1_569' title='bbox 1482 4084 1595 4154; x_wconf 83' lang='lat' dir='ltr'><strong>quaestio</strong></span> <span class='ocrx_word' id='word_1_570' title='bbox 1616 4082 1811 4141; x_wconf 81' lang='lat' dir='ltr'><strong>dubitationem</strong></span> 
     </span>
     <span class='ocr_line' id='line_1_41' title="bbox 161 4173 1811 4249; baseline 0.004 -20"><span class='ocrx_word' id='word_1_571' title='bbox 161 4173 274 4230; x_wconf 89' lang='lat' dir='ltr'><strong>minime</strong></span> <span class='ocrx_word' id='word_1_572' title='bbox 294 4174 417 4243; x_wconf 83' lang='lat' dir='ltr'><strong>proxima</strong></span> <span class='ocrx_word' id='word_1_573' title='bbox 440 4187 513 4231; x_wconf 91' lang='lat' dir='ltr'><strong>sunt.</strong></span> <span class='ocrx_word' id='word_1_574' title='bbox 533 4177 621 4249; x_wconf 79' lang='lat' dir='ltr'><strong>etque</strong></span> <span class='ocrx_word' id='word_1_575' title='bbox 635 4178 698 4234; x_wconf 88' lang='lat' dir='ltr'><strong>ideo</strong></span> <span class='ocrx_word' id='word_1_576' title='bbox 716 4176 914 4249; x_wconf 86' lang='lat' dir='ltr'><strong>quantumlibet</strong></span> <span class='ocrx_word' id='word_1_577' title='bbox 927 4190 960 4232; x_wconf 89' lang='lat' dir='ltr'><strong>se</strong></span> <span class='ocrx_word' id='word_1_578' title='bbox 1011 4182 1106 4245; x_wconf 80' lang='lat' dir='ltr'><strong>paret,</strong></span> <span class='ocrx_word' id='word_1_579' title='bbox 1125 4189 1186 4231; x_wconf 90' lang='lat' dir='ltr'><strong>cum</strong></span> <span class='ocrx_word' id='word_1_580' title='bbox 1210 4174 1380 4232; x_wconf 88' lang='lat' dir='ltr'><strong>discernendi</strong></span> <span class='ocrx_word' id='word_1_581' title='bbox 1407 4186 1491 4247; x_wconf 88' lang='lat' dir='ltr'><strong>atque</strong></span> <span class='ocrx_word' id='word_1_582' title='bbox 1516 4176 1681 4249; x_wconf 71' lang='lat' dir='ltr'><strong>intelligendi</strong></span> <span class='ocrx_word' id='word_1_583' title='bbox 1703 4177 1811 4249; x_wconf 73' lang='lat' dir='ltr'><strong>genueris</strong></span> 
     </span>
     <span class='ocr_line' id='line_1_42' title="bbox 162 4265 1810 4343; baseline 0.002 -20"><span class='ocrx_word' id='word_1_584' title='bbox 162 4266 383 4340; x_wconf 72' lang='lat' dir='ltr'><strong>longiusauobis</strong></span> <span class='ocrx_word' id='word_1_585' title='bbox 396 4284 493 4339; x_wconf 79' lang='lat' dir='ltr'><strong>qenera</strong></span> <span class='ocrx_word' id='word_1_586' title='bbox 504 4272 686 4341; x_wconf 89' lang='lat' dir='ltr'><strong>protulerunt,</strong></span> <span class='ocrx_word' id='word_1_587' title='bbox 701 4280 776 4328; x_wconf 88' lang='lat' dir='ltr'><strong>tanto</strong></span> <span class='ocrx_word' id='word_1_588' title='bbox 787 4272 872 4343; x_wconf 82' lang='lat' dir='ltr'><strong>mapis</strong></span> <span class='ocrx_word' id='word_1_589' title='bbox 881 4278 962 4327; x_wconf 86' lang='lat' dir='ltr'><strong>erunt</strong></span> <span class='ocrx_word' id='word_1_590' title='bbox 1012 4265 1097 4337; x_wconf 91' lang='lat' dir='ltr'><strong>ipsius</strong></span> <span class='ocrx_word' id='word_1_591' title='bbox 1121 4276 1244 4324; x_wconf 89' lang='lat' dir='ltr'><strong>natursm</strong></span> <span class='ocrx_word' id='word_1_592' title='bbox 1264 4283 1370 4324; x_wconf 88' lang='lat' dir='ltr'><strong>summa</strong></span> <span class='ocrx_word' id='word_1_593' title='bbox 1390 4268 1537 4326; x_wconf 81' lang='lat' dir='ltr'><strong>dilicultas</strong></span> <span class='ocrx_word' id='word_1_594' title='bbox 1560 4270 1721 4327; x_wconf 89' lang='lat' dir='ltr'><strong>ostenditur.</strong></span> <span class='ocrx_word' id='word_1_595' title='bbox 1742 4269 1810 4326; x_wconf 82' lang='lat' dir='ltr'><strong>ilum</strong></span> 
     </span>
     <span class='ocr_line' id='line_1_43' title="bbox 163 4358 1811 4434; baseline 0.002 -18"><span class='ocrx_word' id='word_1_596' title='bbox 163 4358 251 4416; x_wconf 86' lang='lat' dir='ltr'><strong>lueida</strong></span> <span class='ocrx_word' id='word_1_597' title='bbox 263 4369 291 4416; x_wconf 88' lang='lat' dir='ltr'><strong>ct</strong></span> <span class='ocrx_word' id='word_1_598' title='bbox 304 4360 463 4419; x_wconf 84' lang='lat' dir='ltr'><strong>naturaiiter</strong></span> <span class='ocrx_word' id='word_1_599' title='bbox 476 4372 550 4421; x_wconf 85' lang='lat' dir='ltr'><strong>nuto.</strong></span> <span class='ocrx_word' id='word_1_600' title='bbox 570 4363 732 4422; x_wconf 76' lang='lat' dir='ltr'><strong>Differentiae</strong></span> <span class='ocrx_word' id='word_1_601' title='bbox 750 4378 815 4421; x_wconf 88' lang='lat' dir='ltr'><strong>reru</strong></span> <span class='ocrx_word' id='word_1_602' title='bbox 837 4365 962 4421; x_wconf 87' lang='lat' dir='ltr'><strong>substan·</strong></span> <span class='ocrx_word' id='word_1_603' title='bbox 1013 4358 1139 4430; x_wconf 89' lang='lat' dir='ltr'><strong>quoniam</strong></span> <span class='ocrx_word' id='word_1_604' title='bbox 1153 4375 1234 4415; x_wconf 89' lang='lat' dir='ltr'><strong>omne</strong></span> <span class='ocrx_word' id='word_1_605' title='bbox 1245 4360 1317 4431; x_wconf 92' lang='lat' dir='ltr'><strong>qnod</strong></span> <span class='ocrx_word' id='word_1_606' title='bbox 1327 4369 1379 4428; x_wconf 88' lang='lat' dir='ltr'><strong>est,</strong></span> <span class='ocrx_word' id='word_1_607' title='bbox 1394 4370 1440 4417; x_wconf 89' lang='lat' dir='ltr'><strong>aut</strong></span> <span class='ocrx_word' id='word_1_608' title='bbox 1452 4376 1612 4433; x_wconf 87' lang='lat' dir='ltr'><strong>corporeum</strong></span> <span class='ocrx_word' id='word_1_609' title='bbox 1627 4372 1672 4419; x_wconf 91' lang='lat' dir='ltr'><strong>aut</strong></span> <span class='ocrx_word' id='word_1_610' title='bbox 1686 4363 1811 4434; x_wconf 87' lang='lat' dir='ltr'><strong>incorpo-</strong></span> 
     </span>
     <span class='ocr_line' id='line_1_44' title="bbox 164 4451 1812 4528; baseline 0.004 -25"><span class='ocrx_word' id='word_1_611' title='bbox 164 4451 241 4510; x_wconf 86' lang='lat' dir='ltr'><strong>tiales</strong></span> <span class='ocrx_word' id='word_1_612' title='bbox 263 4452 318 4509; x_wconf 73' lang='lat' dir='ltr'><strong>illie</strong></span> <span class='ocrx_word' id='word_1_613' title='bbox 336 4462 399 4510; x_wconf 88' lang='lat' dir='ltr'><strong>sunt</strong></span> <span class='ocrx_word' id='word_1_614' title='bbox 421 4469 488 4526; x_wconf 91' lang='lat' dir='ltr'><strong>quas</strong></span> <span class='ocrx_word' id='word_1_615' title='bbox 506 4470 555 4528; x_wconf 89' lang='lat' dir='ltr'><strong>per</strong></span> <span class='ocrx_word' id='word_1_616' title='bbox 575 4471 605 4513; x_wconf 87' lang='lat' dir='ltr'><strong>se</strong></span> <span class='ocrx_word' id='word_1_617' title='bbox 625 4456 667 4514; x_wconf 89' lang='lat' dir='ltr'><strong>bis</strong></span> <span class='ocrx_word' id='word_1_618' title='bbox 690 4458 770 4514; x_wconf 89' lang='lat' dir='ltr'><strong>rebus</strong></span> <span class='ocrx_word' id='word_1_619' title='bbox 792 4456 882 4513; x_wconf 86' lang='lat' dir='ltr'><strong>inesse</strong></span> <span class='ocrx_word' id='word_1_620' title='bbox 902 4472 962 4528; x_wconf 81' lang='lat' dir='ltr'><strong>quae</strong></span> <span class='ocrx_word' id='word_1_621' title='bbox 1012 4466 1089 4508; x_wconf 83' lang='lat' dir='ltr'><strong>reum</strong></span> <span class='ocrx_word' id='word_1_622' title='bbox 1108 4467 1168 4509; x_wconf 89' lang='lat' dir='ltr'><strong>esse</strong></span> <span class='ocrx_word' id='word_1_623' title='bbox 1187 4467 1299 4509; x_wconf 90' lang='lat' dir='ltr'><strong>necesse</strong></span> <span class='ocrx_word' id='word_1_624' title='bbox 1315 4462 1369 4521; x_wconf 87' lang='lat' dir='ltr'><strong>est,</strong></span> <span class='ocrx_word' id='word_1_625' title='bbox 1388 4468 1475 4526; x_wconf 73' lang='lat' dir='ltr'><strong>pertus</strong></span> <span class='ocrx_word' id='word_1_626' title='bbox 1495 4462 1523 4511; x_wconf 91' lang='lat' dir='ltr'><strong>ct</strong></span> <span class='ocrx_word' id='word_1_627' title='bbox 1546 4455 1653 4525; x_wconf 85' lang='lat' dir='ltr'><strong>species</strong></span> <span class='ocrx_word' id='word_1_628' title='bbox 1677 4454 1704 4511; x_wconf 91' lang='lat' dir='ltr'><strong>iu</strong></span> <span class='ocrx_word' id='word_1_629' title='bbox 1719 4455 1812 4524; x_wconf 83' lang='lat' dir='ltr'><strong>aliquo</strong></span> 
     </span>
     <span class='ocr_line' id='line_1_45' title="bbox 166 4542 1812 4619; baseline 0.004 -20"><span class='ocrx_word' id='word_1_630' title='bbox 166 4543 384 4602; x_wconf 80' lang='lat' dir='ltr'><strong>demonstrantur</strong></span> <span class='ocrx_word' id='word_1_631' title='bbox 402 4550 583 4619; x_wconf 72' lang='lat' dir='ltr'><strong>agnoscimus.</strong></span> <span class='ocrx_word' id='word_1_632' title='bbox 606 4548 763 4608; x_wconf 81' lang='lat' dir='ltr'><strong>Praecedere</strong></span> <span class='ocrx_word' id='word_1_633' title='bbox 777 4561 865 4607; x_wconf 90' lang='lat' dir='ltr'><strong>autem</strong></span> <span class='ocrx_word' id='word_1_634' title='bbox 879 4550 961 4607; x_wconf 89' lang='lat' dir='ltr'><strong>debet</strong></span> <span class='ocrx_word' id='word_1_635' title='bbox 1014 4542 1110 4600; x_wconf 75' lang='lat' dir='ltr'><strong>horum</strong></span> <span class='ocrx_word' id='word_1_636' title='bbox 1140 4559 1201 4600; x_wconf 79' lang='lat' dir='ltr'><strong>esse</strong></span> <span class='ocrx_word' id='word_1_637' title='bbox 1221 4544 1367 4616; x_wconf 90' lang='lat' dir='ltr'><strong>oportebit.</strong></span> <span class='ocrx_word' id='word_1_638' title='bbox 1391 4545 1479 4615; x_wconf 81' lang='lat' dir='ltr'><strong>Quale</strong></span> <span class='ocrx_word' id='word_1_639' title='bbox 1503 4547 1557 4603; x_wconf 82' lang='lat' dir='ltr'><strong>etit</strong></span> <span class='ocrx_word' id='word_1_640' title='bbox 1580 4546 1663 4617; x_wconf 68' lang='lat' dir='ltr'><strong>letum</strong></span> <span class='ocrx_word' id='word_1_641' title='bbox 1685 4545 1713 4602; x_wconf 83' lang='lat' dir='ltr'><strong>id</strong></span> <span class='ocrx_word' id='word_1_642' title='bbox 1737 4544 1812 4616; x_wconf 77' lang='lat' dir='ltr'><strong>quod</strong></span> 
     </span>
     <span class='ocr_line' id='line_1_46' title="bbox 165 4635 1808 4715; baseline -0.004 -15"><span class='ocrx_word' id='word_1_643' title='bbox 165 4650 292 4707; x_wconf 69' lang='lat' dir='ltr'><strong>tenerum</strong></span> <span class='ocrx_word' id='word_1_644' title='bbox 306 4655 338 4695; x_wconf 80' lang='grc' dir='ltr'>ιο</span> <span class='ocrx_word' id='word_1_645' title='bbox 352 4638 562 4697; x_wconf 73' lang='lat' dir='ltr'><strong>differentiarum</strong></span> <span class='ocrx_word' id='word_1_646' title='bbox 576 4643 702 4714; x_wconf 69' lang='lat' dir='ltr'><strong>cognitio,</strong></span> <span class='ocrx_word' id='word_1_647' title='bbox 714 4653 744 4700; x_wconf 95' lang='lat' dir='ltr'><strong>ut</strong></span> <span class='ocrx_word' id='word_1_648' title='bbox 758 4644 784 4698; x_wconf 91' lang='lat' dir='ltr'><strong>in</strong></span> <span class='ocrx_word' id='word_1_649' title='bbox 797 4656 956 4715; x_wconf 85' lang='lat' dir='ltr'><strong>unaquaque</strong></span> <span class='ocrx_word' id='word_1_650' title='bbox 969 4639 1094 4707; x_wconf 81' lang='lat' dir='ltr'><strong>qunus</strong></span> <span class='ocrx_word' id='word_1_651' title='bbox 1108 4635 1222 4703; x_wconf 79' lang='lat' dir='ltr'><strong>dieitur3</strong></span> <span class='ocrx_word' id='word_1_652' title='bbox 1238 4648 1363 4693; x_wconf 89' lang='lat' dir='ltr'><strong>utrumne</strong></span> <span class='ocrx_word' id='word_1_653' title='bbox 1376 4653 1537 4709; x_wconf 87' lang='lat' dir='ltr'><strong>corporeum</strong></span> <span class='ocrx_word' id='word_1_654' title='bbox 1548 4653 1581 4695; x_wconf 91' lang='lat' dir='ltr'><strong>an</strong></span> <span class='ocrx_word' id='word_1_655' title='bbox 1596 4637 1808 4709; x_wconf 88' lang='lat' dir='ltr'><strong>incorporeuntl</strong></span> 
     </span>
     <span class='ocr_line' id='line_1_47' title="bbox 167 4728 1812 4805; baseline 0.013 -22"><span class='ocrx_word' id='word_1_656' title='bbox 167 4728 306 4800; x_wconf 91' lang='lat' dir='ltr'><strong>disciplina</strong></span> <span class='ocrx_word' id='word_1_657' title='bbox 320 4744 382 4800; x_wconf 80' lang='lat' dir='ltr'><strong>quae</strong></span> <span class='ocrx_word' id='word_1_658' title='bbox 396 4733 450 4787; x_wconf 88' lang='lat' dir='ltr'><strong>sint</strong></span> <span class='ocrx_word' id='word_1_659' title='bbox 462 4732 522 4804; x_wconf 81' lang='lat' dir='ltr'><strong>ejus</strong></span> <span class='ocrx_word' id='word_1_660' title='bbox 542 4735 583 4790; x_wconf 90' lang='lat' dir='ltr'><strong>rei</strong></span> <span class='ocrx_word' id='word_1_661' title='bbox 606 4749 666 4805; x_wconf 82' lang='lat' dir='ltr'><strong>qnae</strong></span> <span class='ocrx_word' id='word_1_662' title='bbox 680 4735 880 4792; x_wconf 87' lang='lat' dir='ltr'><strong>demonstratur</strong></span> <span class='ocrx_word' id='word_1_663' title='bbox 891 4751 960 4794; x_wconf 87' lang='lat' dir='ltr'><strong>eon·</strong></span> <span class='ocrx_word' id='word_1_664' title='bbox 1015 4744 1102 4800; x_wconf 71' lang='lat' dir='ltr'><strong>ne‘1¹¹0</strong></span> <span class='ocrx_word' id='word_1_665' title='bbox 1116 4731 1187 4784; x_wconf 62' lang='lat' dir='ltr'><strong>enlm</strong></span> <span class='ocrx_word' id='word_1_666' title='bbox 1201 4728 1263 4800; x_wconf 60' lang='lat' dir='ltr'><strong>(iuli</strong></span> <span class='ocrx_word' id='word_1_667' title='bbox 1277 4731 1313 4784; x_wconf 61' lang='lat'><strong>⁸5¹</strong></span> <span class='ocrx_word' id='word_1_668' title='bbox 1324 4728 1468 4802; x_wconf 60' lang='lat' dir='ltr'><strong>‘lffiiiinlii</strong></span> <span class='ocrx_word' id='word_1_669' title='bbox 1480 4731 1642 4799; x_wconf 64' lang='grc' dir='ltr'>ῑΰῑθῃᾱῑωῐι</span> <span class='ocrx_word' id='word_1_670' title='bbox 1653 4730 1704 4787; x_wconf 65' lang='lat'>&#39;¹5⁸5</span> <span class='ocrx_word' id='word_1_671' title='bbox 1715 4732 1742 4788; x_wconf 68' lang='lat'><strong>¹¹¹</strong></span> <span class='ocrx_word' id='word_1_672' title='bbox 1755 4746 1812 4804; x_wconf 68' lang='lat' dir='ltr'><strong>il¹¹⁰</strong></span> 
     </span>
     <span class='ocr_line' id='line_1_48' title="bbox 169 4821 1812 4900; baseline 0.007 -28"><span class='ocrx_word' id='word_1_673' title='bbox 169 4821 298 4878; x_wconf 83' lang='lat' dir='ltr'><strong>uenientia</strong></span> <span class='ocrx_word' id='word_1_674' title='bbox 318 4821 450 4893; x_wconf 90' lang='lat' dir='ltr'><strong>principia</strong></span> <span class='ocrx_word' id='word_1_675' title='bbox 471 4830 557 4894; x_wconf 90' lang='lat' dir='ltr'><strong>possit</strong></span> <span class='ocrx_word' id='word_1_676' title='bbox 577 4822 701 4897; x_wconf 72' lang='lat' dir='ltr'><strong>intelligi.</strong></span> <span class='ocrx_word' id='word_1_677' title='bbox 725 4826 879 4884; x_wconf 84' lang='lat' dir='ltr'><strong>Necessaria</strong></span> <span class='ocrx_word' id='word_1_678' title='bbox 894 4843 960 4886; x_wconf 81' lang='lat' dir='ltr'><strong>tero</strong></span> <span class='ocrx_word' id='word_1_679' title='bbox 1015 4826 1111 4882; x_wconf 89' lang='lat' dir='ltr'><strong>borum</strong></span> <span class='ocrx_word' id='word_1_680' title='bbox 1124 4827 1186 4897; x_wconf 93' lang='lat' dir='ltr'><strong>poni</strong></span> <span class='ocrx_word' id='word_1_681' title='bbox 1198 4826 1297 4882; x_wconf 87' lang='lat' dir='ltr'><strong>debeat</strong></span> <span class='ocrx_word' id='word_1_682' title='bbox 1310 4839 1484 4898; x_wconf 69' lang='lat' dir='ltr'><strong>agnoscatur.</strong></span> <span class='ocrx_word' id='word_1_683' title='bbox 1499 4828 1554 4887; x_wconf 89' lang='lat' dir='ltr'><strong>Sed</strong></span> <span class='ocrx_word' id='word_1_684' title='bbox 1575 4843 1663 4900; x_wconf 87' lang='lat' dir='ltr'><strong>nsque</strong></span> <span class='ocrx_word' id='word_1_685' title='bbox 1677 4843 1737 4884; x_wconf 88' lang='lat' dir='ltr'><strong>cum</strong></span> <span class='ocrx_word' id='word_1_686' title='bbox 1754 4827 1812 4883; x_wconf 78' lang='lat' dir='ltr'><strong>bern</strong></span> 
     </span>
     <span class='ocr_line' id='line_1_49' title="bbox 168 4916 1806 4992; baseline 0.005 -24"><span class='ocrx_word' id='word_1_687' title='bbox 168 4926 227 4970; x_wconf 88' lang='lat' dir='ltr'><strong>esse</strong></span> <span class='ocrx_word' id='word_1_688' title='bbox 248 4929 280 4970; x_wconf 89' lang='lat' dir='ltr'><strong>ea</strong></span> <span class='ocrx_word' id='word_1_689' title='bbox 304 4916 372 4985; x_wconf 89' lang='lat' dir='ltr'><strong>ipsa,</strong></span> <span class='ocrx_word' id='word_1_690' title='bbox 393 4930 453 4987; x_wconf 78' lang='lat' dir='ltr'><strong>quae</strong></span> <span class='ocrx_word' id='word_1_691' title='bbox 477 4931 576 4989; x_wconf 71' lang='lat' dir='ltr'><strong>genera</strong></span> <span class='ocrx_word' id='word_1_692' title='bbox 597 4929 626 4976; x_wconf 88' lang='lat' dir='ltr'><strong>et</strong></span> <span class='ocrx_word' id='word_1_693' title='bbox 646 4918 812 4977; x_wconf 87' lang='lat' dir='ltr'><strong>dilierentias</strong></span> <span class='ocrx_word' id='word_1_694' title='bbox 833 4922 960 4991; x_wconf 89' lang='lat' dir='ltr'><strong>dicimus,</strong></span> <span class='ocrx_word' id='word_1_695' title='bbox 1013 4920 1101 4977; x_wconf 88' lang='lat' dir='ltr'><strong>soluta</strong></span> <span class='ocrx_word' id='word_1_696' title='bbox 1118 4920 1199 4976; x_wconf 91' lang='lat' dir='ltr'><strong>inerit</strong></span> <span class='ocrx_word' id='word_1_697' title='bbox 1217 4919 1342 4991; x_wconf 78' lang='lat' dir='ltr'><strong>quaestin,</strong></span> <span class='ocrx_word' id='word_1_698' title='bbox 1359 4935 1442 4978; x_wconf 89' lang='lat' dir='ltr'><strong>omne</strong></span> <span class='ocrx_word' id='word_1_699' title='bbox 1463 4921 1617 4978; x_wconf 81' lang='lat' dir='ltr'><strong>excluditur</strong></span> <span class='ocrx_word' id='word_1_700' title='bbox 1630 4922 1806 4992; x_wconf 69' lang='lat' dir='ltr'><strong>ambiguum:</strong></span> 
     </span>
     <span class='ocr_line' id='line_1_50' title="bbox 170 5006 1810 5089; baseline 0.005 -29"><span class='ocrx_word' id='word_1_701' title='bbox 170 5007 254 5062; x_wconf 90' lang='lat' dir='ltr'><strong>nuilus</strong></span> <span class='ocrx_word' id='word_1_702' title='bbox 269 5006 372 5065; x_wconf 89' lang='lat' dir='ltr'><strong>dubitat</strong></span> <span class='ocrx_word' id='word_1_703' title='bbox 386 5009 432 5080; x_wconf 93' lang='lat' dir='ltr'><strong>qui</strong></span> <span class='ocrx_word' id='word_1_704' title='bbox 446 5012 564 5080; x_wconf 82' lang='lat' dir='ltr'><strong>speciem</strong></span> <span class='ocrx_word' id='word_1_705' title='bbox 577 5012 635 5070; x_wconf 88' lang='lat' dir='ltr'><strong>sine</strong></span> <span class='ocrx_word' id='word_1_706' title='bbox 648 5027 748 5085; x_wconf 71' lang='lat' dir='ltr'><strong>genere</strong></span> <span class='ocrx_word' id='word_1_707' title='bbox 762 5024 790 5070; x_wconf 91' lang='lat' dir='ltr'><strong>et</strong></span> <span class='ocrx_word' id='word_1_708' title='bbox 808 5014 959 5071; x_wconf 88' lang='lat' dir='ltr'><strong>dillerentia</strong></span> <span class='ocrx_word' id='word_1_709' title='bbox 1013 5015 1107 5073; x_wconf 89' lang='lat' dir='ltr'><strong>subest</strong></span> <span class='ocrx_word' id='word_1_710' title='bbox 1120 5016 1192 5073; x_wconf 90' lang='lat' dir='ltr'><strong>eninr</strong></span> <span class='ocrx_word' id='word_1_711' title='bbox 1207 5016 1320 5088; x_wconf 90' lang='lat' dir='ltr'><strong>aliquid,</strong></span> <span class='ocrx_word' id='word_1_712' title='bbox 1334 5017 1405 5089; x_wconf 92' lang='lat' dir='ltr'><strong>qnod</strong></span> <span class='ocrx_word' id='word_1_713' title='bbox 1419 5019 1442 5073; x_wconf 88' lang='lat' dir='ltr'><strong>si</strong></span> <span class='ocrx_word' id='word_1_714' title='bbox 1459 5017 1639 5089; x_wconf 90' lang='lat' dir='ltr'><strong>incorporalia</strong></span> <span class='ocrx_word' id='word_1_715' title='bbox 1653 5031 1714 5071; x_wconf 89' lang='lat' dir='ltr'><strong>esse</strong></span> <span class='ocrx_word' id='word_1_716' title='bbox 1724 5027 1810 5087; x_wconf 75' lang='lat' dir='ltr'><strong>penus</strong></span> 
     </span>
     <span class='ocr_line' id='line_1_51' title="bbox 170 5098 1812 5178; baseline 0.004 -25"><span class='ocrx_word' id='word_1_717' title='bbox 170 5098 291 5171; x_wconf 70' lang='lat' dir='ltr'><strong>inteiligit</strong></span> <span class='ocrx_word' id='word_1_718' title='bbox 303 5115 365 5158; x_wconf 88' lang='lat' dir='ltr'><strong>esse</strong></span> <span class='ocrx_word' id='word_1_719' title='bbox 380 5117 432 5157; x_wconf 91' lang='lat' dir='ltr'><strong>nnn</strong></span> <span class='ocrx_word' id='word_1_720' title='bbox 448 5117 538 5171; x_wconf 89' lang='lat' dir='ltr'><strong>posse.</strong></span> <span class='ocrx_word' id='word_1_721' title='bbox 564 5101 667 5161; x_wconf 85' lang='lat' dir='ltr'><strong>Genera</strong></span> <span class='ocrx_word' id='word_1_722' title='bbox 679 5120 746 5163; x_wconf 81' lang='lat' dir='ltr'><strong>veru</strong></span> <span class='ocrx_word' id='word_1_723' title='bbox 759 5114 788 5163; x_wconf 91' lang='lat' dir='ltr'><strong>et</strong></span> <span class='ocrx_word' id='word_1_724' title='bbox 801 5104 962 5162; x_wconf 79' lang='lat' dir='ltr'><strong>diiiercntiu·</strong></span> <span class='ocrx_word' id='word_1_725' title='bbox 1014 5124 1046 5165; x_wconf 90' lang='grc' dir='ltr'>ιο</span> <span class='ocrx_word' id='word_1_726' title='bbox 1067 5108 1171 5178; x_wconf 88' lang='lat' dir='ltr'><strong>speeies</strong></span> <span class='ocrx_word' id='word_1_727' title='bbox 1196 5108 1330 5174; x_wconf 78' lang='lat' dir='ltr'><strong>dicuutur,</strong></span> <span class='ocrx_word' id='word_1_728' title='bbox 1349 5109 1474 5165; x_wconf 88' lang='lat' dir='ltr'><strong>obsideat</strong></span> <span class='ocrx_word' id='word_1_729' title='bbox 1500 5108 1716 5177; x_wconf 69' lang='lat' dir='ltr'><strong>intelligentiaru-</strong></span> <span class='ocrx_word' id='word_1_730' title='bbox 1728 5116 1812 5177; x_wconf 87' lang='lat' dir='ltr'><strong>utque</strong></span> 
     </span>
     <span class='ocr_line' id='line_1_52' title="bbox 170 5194 1811 5271; baseline 0.004 -27"><span class='ocrx_word' id='word_1_731' title='bbox 170 5202 232 5246; x_wconf 91' lang='lat' dir='ltr'><strong>sunt</strong></span> <span class='ocrx_word' id='word_1_732' title='bbox 252 5204 341 5248; x_wconf 82' lang='lat' dir='ltr'><strong>causas</strong></span> <span class='ocrx_word' id='word_1_733' title='bbox 364 5194 524 5264; x_wconf 89' lang='lat' dir='ltr'><strong>specierum.</strong></span> <span class='ocrx_word' id='word_1_734' title='bbox 550 5194 654 5253; x_wconf 91' lang='lat' dir='ltr'><strong>ldcirco</strong></span> <span class='ocrx_word' id='word_1_735' title='bbox 675 5200 747 5254; x_wconf 89' lang='lat' dir='ltr'><strong>eninr</strong></span> <span class='ocrx_word' id='word_1_736' title='bbox 770 5200 873 5268; x_wconf 89' lang='lat' dir='ltr'><strong>species</strong></span> <span class='ocrx_word' id='word_1_737' title='bbox 899 5206 964 5253; x_wconf 88' lang='lat' dir='ltr'><strong>sunt</strong></span> <span class='ocrx_word' id='word_1_738' title='bbox 1015 5199 1151 5267; x_wconf 86' lang='lat' dir='ltr'><strong>detineat,</strong></span> <span class='ocrx_word' id='word_1_739' title='bbox 1181 5201 1284 5255; x_wconf 84' lang='lat' dir='ltr'><strong>cxsolvi</strong></span> <span class='ocrx_word' id='word_1_740' title='bbox 1313 5202 1452 5271; x_wconf 87' lang='lat' dir='ltr'><strong>postulans</strong></span> <span class='ocrx_word' id='word_1_741' title='bbox 1485 5208 1573 5254; x_wconf 89' lang='lat' dir='ltr'><strong>utrum</strong></span> <span class='ocrx_word' id='word_1_742' title='bbox 1599 5197 1670 5252; x_wconf 86' lang='lat' dir='ltr'><strong>cirea</strong></span> <span class='ocrx_word' id='word_1_743' title='bbox 1696 5210 1811 5266; x_wconf 87' lang='lat' dir='ltr'><strong>corpora</strong></span> 
     </span>
     <span class='ocr_line' id='line_1_53' title="bbox 171 5282 1810 5361; baseline 0.004 -26"><span class='ocrx_word' id='word_1_744' title='bbox 171 5282 232 5350; x_wconf 88' lang='lat' dir='ltr'><strong>quia</strong></span> <span class='ocrx_word' id='word_1_745' title='bbox 246 5297 344 5351; x_wconf 76' lang='lat' dir='ltr'><strong>genera</strong></span> <span class='ocrx_word' id='word_1_746' title='bbox 359 5300 450 5342; x_wconf 87' lang='lat' dir='ltr'><strong>earum</strong></span> <span class='ocrx_word' id='word_1_747' title='bbox 463 5296 492 5343; x_wconf 88' lang='lat' dir='ltr'><strong>et</strong></span> <span class='ocrx_word' id='word_1_748' title='bbox 504 5286 665 5345; x_wconf 69' lang='lat' dir='ltr'><strong>differentiis</strong></span> <span class='ocrx_word' id='word_1_749' title='bbox 685 5298 747 5345; x_wconf 91' lang='lat' dir='ltr'><strong>sunt</strong></span> <span class='ocrx_word' id='word_1_750' title='bbox 761 5304 822 5359; x_wconf 70' lang='lat' dir='ltr'><strong>quse</strong></span> <span class='ocrx_word' id='word_1_751' title='bbox 838 5289 865 5345; x_wconf 89' lang='lat' dir='ltr'><strong>in</strong></span> <span class='ocrx_word' id='word_1_752' title='bbox 880 5290 963 5360; x_wconf 78' lang='lat' dir='ltr'><strong>syllo·</strong></span> <span class='ocrx_word' id='word_1_753' title='bbox 1015 5290 1075 5361; x_wconf 89' lang='lat' dir='ltr'><strong>ipsa</strong></span> <span class='ocrx_word' id='word_1_754' title='bbox 1097 5289 1255 5356; x_wconf 83' lang='lat' dir='ltr'><strong>subsistant,</strong></span> <span class='ocrx_word' id='word_1_755' title='bbox 1270 5306 1303 5344; x_wconf 89' lang='lat' dir='ltr'><strong>an</strong></span> <span class='ocrx_word' id='word_1_756' title='bbox 1317 5290 1396 5345; x_wconf 87' lang='lat' dir='ltr'><strong>etiarn</strong></span> <span class='ocrx_word' id='word_1_757' title='bbox 1418 5298 1517 5358; x_wconf 75' lang='lat' dir='ltr'><strong>preter</strong></span> <span class='ocrx_word' id='word_1_758' title='bbox 1530 5301 1645 5357; x_wconf 87' lang='lat' dir='ltr'><strong>corpora</strong></span> <span class='ocrx_word' id='word_1_759' title='bbox 1659 5287 1810 5341; x_wconf 73' lang='lat' dir='ltr'><strong>subsisten-</strong></span> 
     </span>
     <span class='ocr_line' id='line_1_54' title="bbox 170 5368 1841 5453; baseline 0.003 -24"><span class='ocrx_word' id='word_1_760' title='bbox 170 5372 264 5442; x_wconf 73' lang='lat' dir='ltr'><strong>ssismis</strong></span> <span class='ocrx_word' id='word_1_761' title='bbox 275 5374 359 5442; x_wconf 87' lang='lat' dir='ltr'><strong>posita</strong></span> <span class='ocrx_word' id='word_1_762' title='bbox 373 5376 619 5435; x_wconf 85' lang='lat' dir='ltr'><strong>demonstrantibus</strong></span> <span class='ocrx_word' id='word_1_763' title='bbox 633 5394 688 5434; x_wconf 94' lang='lat' dir='ltr'><strong>noo</strong></span> <span class='ocrx_word' id='word_1_764' title='bbox 703 5378 742 5434; x_wconf 89' lang='lat' dir='ltr'><strong>rei</strong></span> <span class='ocrx_word' id='word_1_765' title='bbox 756 5379 854 5443; x_wconf 87' lang='lat' dir='ltr'><strong>solum,</strong></span> <span class='ocrx_word' id='word_1_766' title='bbox 870 5394 962 5437; x_wconf 85' lang='lat' dir='ltr'><strong>rerum</strong></span> <span class='ocrx_word' id='word_1_767' title='bbox 1015 5384 1052 5439; x_wconf 89' lang='lat' dir='ltr'><strong>tin</strong></span> <span class='ocrx_word' id='word_1_768' title='bbox 1067 5384 1250 5453; x_wconf 81' lang='lat' dir='ltr'><strong>incorporales</strong></span> <span class='ocrx_word' id='word_1_769' title='bbox 1269 5395 1329 5438; x_wconf 87' lang='lat' dir='ltr'><strong>esse</strong></span> <span class='ocrx_word' id='word_1_770' title='bbox 1344 5384 1496 5437; x_wconf 85' lang='lat' dir='ltr'><strong>videantur.</strong></span> <span class='ocrx_word' id='word_1_771' title='bbox 1513 5380 1577 5434; x_wconf 80' lang='lat' dir='ltr'><strong>linn-</strong></span> <span class='ocrx_word' id='word_1_772' title='bbox 1594 5382 1694 5451; x_wconf 89' lang='lat' dir='ltr'><strong>qnippe</strong></span> <span class='ocrx_word' id='word_1_773' title='bbox 1716 5381 1808 5436; x_wconf 91' lang='lat' dir='ltr'><strong>incor·</strong></span> <span class='ocrx_word' id='word_1_774' title='bbox 1835 5368 1841 5377; x_wconf 77' lang='grc'><strong>”</strong></span> 
     </span>
     <span class='ocr_line' id='line_1_55' title="bbox 170 5466 1812 5548; baseline 0.007 -27"><span class='ocrx_word' id='word_1_775' title='bbox 170 5468 253 5521; x_wconf 87' lang='lat' dir='ltr'><strong>etiam</strong></span> <span class='ocrx_word' id='word_1_776' title='bbox 274 5466 454 5523; x_wconf 87' lang='lat' dir='ltr'><strong>conclusionis</strong></span> <span class='ocrx_word' id='word_1_777' title='bbox 466 5484 556 5526; x_wconf 75' lang='lat' dir='ltr'><strong>musae</strong></span> <span class='ocrx_word' id='word_1_778' title='bbox 569 5478 646 5537; x_wconf 85' lang='lat' dir='ltr'><strong>sunt,</strong></span> <span class='ocrx_word' id='word_1_779' title='bbox 661 5469 730 5540; x_wconf 92' lang='lat' dir='ltr'><strong>quod</strong></span> <span class='ocrx_word' id='word_1_780' title='bbox 746 5468 874 5540; x_wconf 81' lang='lat' dir='ltr'><strong>postremi</strong></span> <span class='ocrx_word' id='word_1_781' title='bbox 888 5484 963 5526; x_wconf 86' lang='lat' dir='ltr'><strong>reso·</strong></span> <span class='ocrx_word' id='word_1_782' title='bbox 1016 5490 1158 5548; x_wconf 89' lang='lat' dir='ltr'><strong>poreorum</strong></span> <span class='ocrx_word' id='word_1_783' title='bbox 1181 5474 1274 5530; x_wconf 76' lang='lat' dir='ltr'><strong>iormce</strong></span> <span class='ocrx_word' id='word_1_784' title='bbox 1290 5483 1362 5538; x_wconf 89' lang='lat' dir='ltr'><strong>sunt,</strong></span> <span class='ocrx_word' id='word_1_785' title='bbox 1379 5481 1408 5527; x_wconf 90' lang='lat' dir='ltr'><strong>ut</strong></span> <span class='ocrx_word' id='word_1_786' title='bbox 1422 5475 1474 5526; x_wconf 85' lang='lat' dir='ltr'><strong>ulia</strong></span> <span class='ocrx_word' id='word_1_787' title='bbox 1490 5483 1588 5542; x_wconf 81' lang='lat' dir='ltr'><strong>praeter</strong></span> <span class='ocrx_word' id='word_1_788' title='bbox 1607 5488 1721 5544; x_wconf 87' lang='lat' dir='ltr'><strong>corpora</strong></span> <span class='ocrx_word' id='word_1_789' title='bbox 1750 5487 1812 5532; x_wconf 87' lang='lat' dir='ltr'><strong>esse</strong></span> 
     </span>
     <span class='ocr_line' id='line_1_56' title="bbox 171 5554 1813 5636; baseline 0.009 -27"><span class='ocrx_word' id='word_1_790' title='bbox 171 5555 261 5612; x_wconf 89' lang='lat' dir='ltr'><strong>lntorii</strong></span> <span class='ocrx_word' id='word_1_791' title='bbox 275 5554 435 5626; x_wconf 88' lang='lat' dir='ltr'><strong>locupletius</strong></span> <span class='ocrx_word' id='word_1_792' title='bbox 448 5561 546 5616; x_wconf 87' lang='lat' dir='ltr'><strong>dicent.</strong></span> <span class='ocrx_word' id='word_1_793' title='bbox 562 5559 630 5616; x_wconf 81' lang='lat' dir='ltr'><strong>Cum</strong></span> <span class='ocrx_word' id='word_1_794' title='bbox 650 5561 733 5631; x_wconf 75' lang='lat' dir='ltr'><strong>igitur</strong></span> <span class='ocrx_word' id='word_1_795' title='bbox 747 5560 862 5630; x_wconf 89' lang='lat' dir='ltr'><strong>perutile</strong></span> <span class='ocrx_word' id='word_1_796' title='bbox 876 5561 920 5625; x_wconf 85' lang='lat' dir='ltr'><strong>sit,</strong></span> <span class='ocrx_word' id='word_1_797' title='bbox 935 5569 963 5616; x_wconf 81' lang='lat' dir='ltr'><strong>et</strong></span> <span class='ocrx_word' id='word_1_798' title='bbox 1020 5567 1130 5636; x_wconf 89' lang='lat' dir='ltr'><strong>possint,</strong></span> <span class='ocrx_word' id='word_1_799' title='bbox 1146 5576 1174 5621; x_wconf 92' lang='lat' dir='ltr'><strong>et</strong></span> <span class='ocrx_word' id='word_1_800' title='bbox 1186 5574 1308 5635; x_wconf 84' lang='lat' dir='ltr'><strong>separata</strong></span> <span class='ocrx_word' id='word_1_801' title='bbox 1322 5580 1338 5620; x_wconf 92' lang='lat' dir='ltr'><strong>a</strong></span> <span class='ocrx_word' id='word_1_802' title='bbox 1352 5565 1512 5633; x_wconf 89' lang='lat' dir='ltr'><strong>corporibus</strong></span> <span class='ocrx_word' id='word_1_803' title='bbox 1523 5566 1550 5620; x_wconf 93' lang='lat' dir='ltr'><strong>in</strong></span> <span class='ocrx_word' id='word_1_804' title='bbox 1564 5580 1611 5621; x_wconf 91' lang='lat' dir='ltr'><strong>sna</strong></span> <span class='ocrx_word' id='word_1_805' title='bbox 1622 5565 1813 5636; x_wconf 84' lang='lat' dir='ltr'><strong>corporalitate</strong></span> 
     </span>
     <span class='ocr_line' id='line_1_57' title="bbox 169 5647 1813 5729; baseline 0.006 -25"><span class='ocrx_word' id='word_1_806' title='bbox 169 5647 326 5705; x_wconf 89' lang='lat' dir='ltr'><strong>diliinitloue</strong></span> <span class='ocrx_word' id='word_1_807' title='bbox 345 5648 483 5719; x_wconf 84' lang='lat' dir='ltr'><strong>quodlibet</strong></span> <span class='ocrx_word' id='word_1_808' title='bbox 506 5650 571 5707; x_wconf 89' lang='lat' dir='ltr'><strong>illud</strong></span> <span class='ocrx_word' id='word_1_809' title='bbox 595 5654 827 5721; x_wconf 85' lang='lat' dir='ltr'><strong>circumscribere,</strong></span> <span class='ocrx_word' id='word_1_810' title='bbox 845 5663 873 5711; x_wconf 89' lang='lat' dir='ltr'><strong>et</strong></span> <span class='ocrx_word' id='word_1_811' title='bbox 896 5654 962 5709; x_wconf 84' lang='lat' dir='ltr'><strong>dini·</strong></span> <span class='ocrx_word' id='word_1_812' title='bbox 1016 5659 1179 5729; x_wconf 87' lang='lat' dir='ltr'><strong>perdurent,</strong></span> <span class='ocrx_word' id='word_1_813' title='bbox 1196 5669 1225 5712; x_wconf 92' lang='lat' dir='ltr'><strong>nt</strong></span> <span class='ocrx_word' id='word_1_814' title='bbox 1245 5658 1327 5724; x_wconf 86' lang='lat' dir='ltr'><strong>liena,</strong></span> <span class='ocrx_word' id='word_1_815' title='bbox 1350 5672 1443 5724; x_wconf 87' lang='lat' dir='ltr'><strong>tuens,</strong></span> <span class='ocrx_word' id='word_1_816' title='bbox 1463 5658 1562 5711; x_wconf 82' lang='lat' dir='ltr'><strong>aninna.</strong></span> <span class='ocrx_word' id='word_1_817' title='bbox 1582 5658 1642 5714; x_wconf 80' lang='lat' dir='ltr'><strong>Alia</strong></span> <span class='ocrx_word' id='word_1_818' title='bbox 1662 5674 1727 5715; x_wconf 83' lang='lat' dir='ltr'><strong>uero</strong></span> <span class='ocrx_word' id='word_1_819' title='bbox 1749 5674 1813 5715; x_wconf 89' lang='lat' dir='ltr'><strong>curn</strong></span> 
     </span>
     <span class='ocr_line' id='line_1_58' title="bbox 168 5740 1811 5820; baseline 0.005 -23"><span class='ocrx_word' id='word_1_820' title='bbox 168 5743 244 5797; x_wconf 87' lang='lat' dir='ltr'><strong>sione</strong></span> <span class='ocrx_word' id='word_1_821' title='bbox 264 5740 431 5808; x_wconf 83' lang='lat' dir='ltr'><strong>dissolvere,</strong></span> <span class='ocrx_word' id='word_1_822' title='bbox 452 5751 480 5796; x_wconf 92' lang='lat' dir='ltr'><strong>et</strong></span> <span class='ocrx_word' id='word_1_823' title='bbox 501 5742 744 5804; x_wconf 86' lang='lat' dir='ltr'><strong>demonstrantibus</strong></span> <span class='ocrx_word' id='word_1_824' title='bbox 768 5748 959 5816; x_wconf 80' lang='lat' dir='ltr'><strong>comprobare,</strong></span> <span class='ocrx_word' id='word_1_825' title='bbox 1016 5752 1068 5805; x_wconf 89' lang='lat' dir='ltr'><strong>sint</strong></span> <span class='ocrx_word' id='word_1_826' title='bbox 1080 5751 1346 5820; x_wconf 86' lang='lat' dir='ltr'><strong>incorporea,tnmcn</strong></span> <span class='ocrx_word' id='word_1_827' title='bbox 1362 5757 1463 5817; x_wconf 78' lang='lat' dir='ltr'><strong>praeter</strong></span> <span class='ocrx_word' id='word_1_828' title='bbox 1476 5763 1589 5819; x_wconf 84' lang='lat' dir='ltr'><strong>corporo</strong></span> <span class='ocrx_word' id='word_1_829' title='bbox 1605 5766 1666 5807; x_wconf 85' lang='lat' dir='ltr'><strong>csse</strong></span> <span class='ocrx_word' id='word_1_830' title='bbox 1680 5765 1734 5805; x_wconf 90' lang='lat' dir='ltr'><strong>nnn</strong></span> <span class='ocrx_word' id='word_1_831' title='bbox 1748 5762 1811 5819; x_wconf 86' lang='lat' dir='ltr'><strong>pos·</strong></span> 
     </span>
    </p>
   </div>
   <div class='ocr_carea' id='block_1_4' title="bbox 170 5836 1809 5927">
    <p class='ocr_par' dir='ltr' id='par_1_5' title="bbox 170 5836 1809 5927">
     <span class='ocr_line' id='line_1_59' title="bbox 170 5836 1809 5927; baseline 0.009 -31"><span class='ocrx_word' id='word_1_832' title='bbox 170 5836 228 5896; x_wconf 79' lang='lat' dir='ltr'><strong>bac</strong></span> <span class='ocrx_word' id='word_1_833' title='bbox 239 5843 330 5895; x_wconf 85' lang='lat' dir='ltr'><strong>autem</strong></span> <span class='ocrx_word' id='word_1_834' title='bbox 344 5843 546 5911; x_wconf 70' lang='lat' dir='ltr'><strong>presentiarum</strong></span> <span class='ocrx_word' id='word_1_835' title='bbox 560 5851 651 5899; x_wconf 88' lang='lat' dir='ltr'><strong>retum</strong></span> <span class='ocrx_word' id='word_1_836' title='bbox 661 5838 799 5901; x_wconf 69' lang='lat' dir='ltr'><strong>rumdam</strong></span> <span class='ocrx_word' id='word_1_837' title='bbox 812 5840 849 5900; x_wconf 85' lang='lat' dir='ltr'><strong>ds</strong></span> <span class='ocrx_word' id='word_1_838' title='bbox 860 5836 960 5913; x_wconf 82' lang='lat' dir='ltr'><strong>qubus</strong></span> <span class='ocrx_word' id='word_1_839' title='bbox 1016 5850 1090 5913; x_wconf 64' lang='lat' dir='ltr'><strong>sunt</strong></span> <span class='ocrx_word' id='word_1_840' title='bbox 1102 5839 1224 5927; x_wconf 83' lang='lat' dir='ltr'><strong>utlinea,</strong></span> <span class='ocrx_word' id='word_1_841' title='bbox 1236 5838 1407 5919; x_wconf 72' lang='lat' dir='ltr'><strong>superficies,</strong></span> <span class='ocrx_word' id='word_1_842' title='bbox 1419 5858 1550 5903; x_wconf 87' lang='lat' dir='ltr'><strong>uumerus</strong></span> <span class='ocrx_word' id='word_1_843' title='bbox 1562 5852 1590 5902; x_wconf 86' lang='lat' dir='ltr'><strong>et</strong></span> <span class='ocrx_word' id='word_1_844' title='bbox 1613 5842 1725 5915; x_wconf 76' lang='lat' dir='ltr'><strong>sinpulae</strong></span> <span class='ocrx_word' id='word_1_845' title='bbox 1742 5854 1809 5909; x_wconf 65' lang='lat' dir='ltr'><strong>tili·</strong></span> 
     </span>
    </p>
   </div>
   <div class='ocr_carea' id='block_1_5' title="bbox 0 0 1990 6180">
    <p class='ocr_par' dir='ltr' id='par_1_6' title="bbox 0 0 1990 6180">
     <span class='ocr_line' id='line_1_60' title="bbox 0 0 1990 6180; baseline 0 0"><span class='ocrx_word' id='word_1_846' title='bbox 0 0 1990 6180; x_wconf 95' lang='lat' dir='ltr'><strong> </strong></span> 
     </span>
    </p>
   </div>
  </div>
 </body>
</html>
