3946 6186
161 329 211 390 lit
529 330 561 394 lb
581 333 774 395 bronurius
794 294 1114 394 lnlsnrnultllbbe
1135 335 1246 393 ubltltl
1269 335 1437 395 SECUNDA.
1464 390 1467 394 ,
1740 333 1792 391 iso

159 461 256 519 preter
271 450 296 506 id
311 452 382 523 quod
398 453 514 508 nominat
534 452 688 523 luniusmodi
702 451 824 509 vocabuli
845 449 990 522 siquid-A
1008 450 1072 505 mini
1098 451 1171 506 omni
1194 450 1354 507 dildnitione
1374 449 1523 521 wuiuneti.
1544 450 1637 524 ilaqna
1657 459 1699 510 εει
1721 455 1792 511 enim

159 542 230 596 catio
243 553 294 598 est.
310 542 422 598 Sublato
437 544 508 598 enirn
523 543 632 600 bomine
645 544 772 616 quidquid
794 552 891 614 praeter
904 543 952 597 bo·
1004 543 1183 614 discrepantia
1197 545 1269 614 qnod
1284 553 1387 601 rectum
1408 558 1507 602 romeu
1523 560 1583 601 oum
1598 554 1641 603 εει
1650 545 1809 618 junctum,¹

161 635 260 691 minem
275 643 337 701 εει,
353 640 403 691 boc
424 636 556 706 significat
576 652 630 692 non
653 637 749 699 bomo,
773 635 843 706 quod
865 649 880 688 a
903 650 952 688 no·
1005 634 1150 704 perlectam
1170 635 1318 690 orationem
1340 635 1420 703 lacit,
1440 638 1542 708 obliqui
1564 653 1643 694 casus
1666 637 1793 707 imperie-
1831 641 1839 653 ”

161 724 234 780 mine
250 725 392 793 plurimum
407 724 515 791 dibert;
531 738 611 781 omne
632 727 705 781 enirn
726 738 823 779 nomen
843 725 890 796 (ut
908 723 950 778 di·
1003 736 1084 781 etam.
1101 727 1178 794 Quod
1193 736 1281 782 autern
1303 726 1403 782 dietum
1426 736 1467 782 εει
1489 727 1611 797 obliquos
1631 741 1709 784 casus
1730 743 1794 785 cum

161 826 232 869 ctum
246 818 306 883 est)
321 816 431 870 delinito
454 815 479 870 id
500 816 632 885 signifieat
652 815 722 886 quod
745 815 908 877 nominatur,
924 820 952 868 et
1004 827 1047 874 est
1061 819 1144 874 verbo
1154 819 1261 886 iunctos
1276 820 1424 874 orationem
1445 817 1591 888 perfectam
1611 834 1665 873 non
1685 819 1792 889 lacere,

162 925 213 964 non
228 909 349 963 similiter
362 909 436 963 etde
451 924 484 963 eo
498 908 567 978 quod
583 918 642 972 εει,
659 908 734 964 etde
753 923 786 961 en
807 909 876 977 quod
898 922 951 964 nott
1004 923 1057 964 uon
1072 909 1187 964 dicimus
1201 910 1327 979 quoniam
1341 923 1401 964 cum
1414 909 1488 962 nullo
1502 907 1585 962 uerbo
1600 906 1700 979 obliqui
1715 922 1795 965 casus

100 1003 105 1014 “
161 1010 201 1054 εει
217 1000 321 1065 dicitnr,
346 1000 392 1054 seri
413 998 471 1055 baec
491 999 643 1069 hujusmodi
665 1016 715 1056 nox
738 1009 766 1057 et
784 1000 951 1070 designativa
1001 1001 1149 1072 iunguntur
1165 1002 1219 1068 ita,
1236 1009 1265 1056 ut
1279 1001 1344 1056 nibil
1360 1001 1523 1071 indigentem
1540 1000 1679 1068 perficiant
1693 1003 1794 1057 oratio·

160 1100 216 1156 est,
232 1099 258 1146 el
271 1090 303 1144 nd
317 1089 459 1160 placitum,
475 1099 503 1145 et
515 1091 574 1145 sine
589 1102 727 1162 tempore,
744 1104 771 1147 ct
786 1092 833 1165 (ιιι
849 1092 951 1150 dictum
1005 1108 1077 1147 nern.
1095 1093 1160 1147 Cum
1176 1094 1247 1147 enim
1259 1092 1329 1158 dico,
1346 1091 1484 1148 Socratem
1499 1090 1627 1160 querius,
1644 1091 1794 1146 enuntiatio

159 1182 217 1252 est)
234 1190 322 1252 partes
334 1181 394 1251 ejus
408 1176 475 1237 nibil
495 1192 569 1237 extra
589 1182 740 1253 designant.
762 1182 849 1251 Quare
869 1182 950 1237 dubia
1003 1194 1062 1250 εει,
1078 1185 1124 1241 sed
1141 1199 1194 1239 non
1209 1200 1270 1241 eurn
1285 1185 1358 1240 omni
1373 1184 1470 1253 serbo,
1487 1184 1534 1240 sed
1551 1191 1652 1238 tantunr
1674 1199 1734 1237 curn
1751 1189 1795 1239 εει

159 1276 226 1345 apud
241 1275 366 1345 antiquos
380 1276 512 1331 sententia
527 1276 592 1338 luit.
610 1287 697 1330 ntrunt
713 1290 811 1331 nomen
827 1275 877 1329 boe
893 1288 949 1328 non
1003 1275 1046 1331 rel
1069 1293 1122 1332 non
1143 1287 1201 1344 εει,
1221 1277 1248 1332 1ιί
1277 1292 1355 1333 casus
1374 1277 1459 1346 iuncti
1479 1277 1624 1346 perlectam
1645 1277 1795 1332 orationem

160 1367 295 1430 dicerent,
317 1382 352 1421 an
372 1366 424 1423 boo
443 1368 531 1435 aliqua
550 1366 701 1437 adjectione
719 1367 837 1422 nominis
851 1366 949 1421 dillini-
1003 1369 1075 1424 nulla
1092 1369 1195 1425 ratione
1209 1369 1386 1424 constituunt.
1410 1370 1498 1438 litque
1514 1368 1565 1424 boe
1579 1379 1621 1424 est
1643 1370 1714 1439 quod
1737 1370 1793 1424 ait:

160 1461 226 1516 tioni
240 1443 416 1530 subjicerent.
432 1460 466 1514 Et
480 1459 525 1531 qui
540 1459 592 1514 boc
606 1475 621 1514 a
642 1443 750 1514 nomine
771 1461 948 1529 separabunt,
1002 1458 1112 1514 Catonis
1128 1469 1217 1514 utitem
1235 1459 1277 1515 rel
1296 1458 1393 1515 Catoni
1412 1466 1440 1515 et
1454 1474 1620 1530 quaecunque
1636 1460 1697 1514 talia
1713 1469 1793 1530 sunt,

162 1555 196 1607 ila
222 1569 319 1609 nomen
342 1552 503 1608 dilllnitione
527 1552 690 1609 claudebant
711 1554 831 1609 dicentes
853 1568 950 1610 nomeu
1003 1564 1056 1604 non
1078 1559 1142 1605 suttt
1157 1553 1284 1617 uomina,
1300 1550 1346 1605 sed
1368 1565 1446 1605 casus
1468 1551 1592 1606 nominis.
1616 1551 1691 1608 Unde
1711 1554 1793 1608 etiam

161 1661 221 1699 esso,
246 1660 337 1699 rocem
359 1644 550 1714 designativam
574 1645 719 1701 secundnm
741 1645 868 1714 placitum
892 1646 952 1701 sine
1002 1639 1156 1709 discrepare
1167 1643 1303 1706 videnlur,
1317 1640 1454 1696 haecenint
1469 1642 1576 1697 nomina
1590 1654 1794 1700 nnnvocttnlttl'.

161 1746 283 1806 ternpore
297 1739 507 1805 circumscripte
529 1737 749 1807 significationis,
765 1739 841 1808 culus
861 1746 951 1809 partes
1003 1729 1049 1785 llla
1064 1732 1136 1786 enlm
1153 1732 1254 1786 rectius
1268 1732 1394 1787 dicuntur
1405 1731 1513 1788 nomina
1527 1747 1586 1803 qun
1603 1732 1688 1802 prima
1708 1734 1795 1805 posita

161 1830 224 1885 nibil
241 1839 317 1885 extra
333 1828 523 1900 designarent,
542 1840 569 1883 ut
583 1829 709 1900 quoniam
724 1844 777 1884 non
798 1830 879 1885 ltnmo
894 1845 950 1885 rem
966 1819 990 1880 B
1004 1833 1085 1885 stunt:
1101 1824 1127 1878 id
1142 1831 1184 1879 est
1197 1839 1258 1894 qnae
1272 1824 1372 1892 aliquid
1387 1833 1547 1880 monstrant.
1567 1825 1707 1883 Genitivus
1721 1827 1794 1884 etritn

160 1921 385 1990 cinnmsertptam
398 1935 450 1974 nou
464 1919 635 1992 designaret,
649 1936 664 1976 a
677 1920 786 1976 nomine
799 1930 950 1991 separetur.
1003 1932 1082 1972 casus
1097 1932 1149 1972 non
1165 1918 1284 1988 aliquid,
1304 1918 1351 1974 sod
1372 1919 1504 1990 alicujus,
1526 1930 1553 1974 ει
1572 1919 1677 1977 dativus
1696 1921 1792 1988 alicui,

161 2014 212 2073 dlii
227 2029 291 2067 rrro
305 2027 357 2067 non
370 2012 463 2069 eodem
480 2013 577 2076 modo,
595 2013 643 2068 scd
659 2013 784 2069 dicebant
798 2013 904 2085 quidenr
925 2013 952 2069 id
1004 2023 1028 2064 εΙ
1045 2009 1137 2065 caeteri
1151 2009 1246 2064 eodem
1262 2010 1351 2065 modo.
1367 2010 1466 2066 Rectus
1481 2026 1545 2066 vero
1564 2011 1609 2082 qui
1631 2020 1672 2067 est
1691 2013 1795 2082 primus

161 2120 221 2160 esse
236 2119 353 2169 nomen,
369 2103 415 2159 sed
432 2119 484 2160 non
506 2105 675 2173 simpliciter.
697 2105 816 2174 Quadam
839 2121 952 2176 namque
1004 2116 1062 2156 rem
1078 2111 1227 2166 monstrat,
1244 2111 1272 2156 nl
1287 2103 1309 2156 si
1323 2102 1466 2172 quisdicat
1480 2105 1623 2167 socrates,
1639 2115 1719 2176 atque
1732 2106 1796 2163 ideo

160 2197 315 2267 adjectione
327 2197 377 2251 sub
389 2199 497 2255 nomine
511 2199 573 2268 poni
589 2213 668 2269 posse
681 2198 747 2253 illud
761 2200 889 2267 putabant
902 2201 952 2256 boe
1005 2192 1048 2248 bic
1064 2194 1245 2249 nominativus
1258 2193 1366 2263 dieitur,
1381 2195 1451 2265 quod
1467 2197 1584 2251 nominis
1597 2197 1796 2267 quodaminodo

161 2289 256 2355 niodo,
272 2299 300 2344 m
315 2289 384 2345 stem
399 2291 479 2345 trumo
494 2300 684 2349 nonnunqum
705 2290 805 2346 dieitur
819 2290 951 2361 sinplici—
1004 2285 1077 2341 solus
1100 2293 1190 2342 ιειιιι
1209 2287 1452 2358 nimborumque
1471 2288 1523 2353 stt,
1546 2299 1574 2345 et
1594 2290 1739 2346 verisimile
1752 2299 1795 2347 ιιι

161 2395 199 2440 [er
215 2385 306 2453 homo,
320 2388 368 2459 ped
384 2387 466 2443 homo
480 2400 612 2445 monum,
629 2389 665 2444 113
680 2405 786 2461 quoque
807 2398 835 2447 οι
854 2402 952 2445 nomen
1005 2393 1066 2432 ebltl
1082 2378 1127 2449 qui
1143 2377 1244 2449 plinius
1259 2382 1368 2435 uitulina
1384 2380 1465 2437 1⁸0less
1480 2382 1607 2451 imposui!
1622 2383 1657 2438 iia
1677 2383 1793 2448 dixisse,

162 2477 213 2532 boe
232 2479 301 2548 qnod
325 2479 391 2532 nibil
412 2478 521 2536 definire
541 2480 721 2553 significata,
744 2496 797 2537 „011
817 2480 952 2536 diceretur
1005 2483 1114 2527 rooetur
1129 2472 1172 2528 llic
1188 2473 1283 2538 bonno,
1300 2483 1327 2530 et
1341 2488 1433 2529 rursus
1451 2464 1559 2530 nocetur
1578 2476 1622 2530 bic
1636 2475 1713 2546 lapis.
1728 2477 1794 2533 Pos-

161 2584 259 2624 nnmcn
273 2568 439 2639 simpliciter,
453 2572 500 2625 sed
515 2586 611 2627 nornen
634 2572 785 2638 inlinitum,
800 2571 877 2641 eujus
891 2586 952 2625 scn-
1004 2564 1102 2619 teriore
1118 2578 1183 2620 vero
1198 2580 1247 2619 usu
1262 2564 1432 2631 factumest,
1449 2573 1477 2620 ut
1490 2566 1517 2621 in
1530 2565 1598 2621 alios
1611 2581 1690 2621 casus
1704 2567 1794 2637 primi·

163 2659 252 2714 tentiae
267 2660 426 2716 Aristoteles
439 2670 533 2717 auctor
546 2674 605 2729 εει,
622 2662 667 2733 qui
689 2677 718 2718 se
739 2663 790 2718 boe
812 2663 849 2717 rei
872 2677 952 2717 roca·
1003 2664 1047 2711 tus
1061 2655 1177 2726 positum
1194 2671 1292 2712 nomen
1305 2650 1483 2713 deriiarelur.
1498 2655 1567 2733 lllml
1583 2673 1689 2727 quoque
1704 2659 1793 2730 maius

163 2749 252 2804 butum
277 2759 399 2805 aritrrmat
422 2750 568 2808 invenisse.
591 2752 635 2807 lit
658 2753 748 2818 enirn,
771 2762 883 2808 atvero
903 2766 953 2811 nec
1003 2756 1045 2802 εει
1072 2747 1142 2816 quod
1165 2748 1253 2803 omnis
1274 2761 1352 2803 casus
1372 2748 1488 2803 nominis
1509 2747 1622 2818 alicujus
1644 2762 1721 2805 casus
1740 2759 1791 2808 εει.

163 2851 260 2901 nomen
281 2857 323 2901 est
344 2847 476 2917 positum,
496 2861 550 2918 quq
568 2847 634 2903 illud
656 2856 779 2917 oporteat
800 2849 952 2918 appellare,
1004 2838 1076 2909 Erqo
1089 2839 1141 2894 nisi
1156 2841 1192 2894 sit
1205 2854 1320 2908 nomen,
1337 2839 1413 2910 eujus
1425 2853 1505 2893 casus
1518 2838 1568 2903 sit,
1585 2853 1664 2895 casus
1677 2842 1794 2897 nominis
1880 2869 1883 2876 ⁴

161 2937 254 3003 dicens
267 2937 292 2993 qq
308 2936 381 3008 quod
394 2937 507 2993 dicimus
521 2937 669 2993 „mom
682 2953 735 3007 quo
753 2938 883 2994 mpure,
902 2939 951 2994 qe.
1002 2928 1056 2985 dici
1069 2937 1143 2986 recte
1154 2946 1206 2985 non
1219 2939 1316 3000 potest.
1328 2928 1414 2985 Casus
1423 2938 1512 2985 autent
1521 2930 1609 2985 omnis
1620 2930 1729 2987 inbenio
1739 2943 1791 2989 εει.

162 3027 224 3083 beat
248 3012 375 3098 appellari
400 3043 452 3082 non
472 3031 546 3082 norit
569 3028 729 3099 antiquitas,
757 3038 785 3084 et
810 3044 893 3100 usque
918 3028 951 3085 ad
1003 3021 1056 3076 Sed
1078 3021 1396 3090 genilittl8‚eldatitltts,
1417 3030 1446 3076 el
1461 3021 1552 3078 eaeieri
1575 3022 1731 3078 nominativi
1751 3024 1793 3079 ill·

162 3116 332 3171 Aristotelem
347 3117 435 3173 nullus
457 3127 568 3172 nouerat
583 3119 646 3188 quid
667 3127 738 3174 essct
759 3119 784 3174 id
805 3119 877 3190 quod
898 3135 950 3174 non
1002 3113 1793 3184 flexionessunt‚quarenominatiricasusetbnl,sedomnis

161 3205 244 3259 ltomo
266 3205 408 3273 diceretur,
429 3209 476 3264 sed
498 3209 542 3263 bie
564 3208 625 3263 buic
652 3209 769 3265 sermoni
792 3184 988 3266 rooatbulumc
1005 3223 1084 3264 casus
1098 3210 1143 3279 qui
1164 3207 1311 3264 secuudum
1327 3221 1424 3263 nomen
1438 3216 1497 3275 εει,
1517 3208 1632 3262 nominis
1645 3222 1723 3263 casus
1739 3218 1791 3265 est.

161 3293 252 3362 posuit
266 3294 375 3359 dicens,
392 3296 438 3352 sed
453 3298 488 3353 sit
504 3314 601 3353 nornen
617 3298 748 3354 inlinitum
770 3315 825 3355 non
846 3300 951 3370 simpli·
994 3293 1106 3357 'Nomen
1128 3303 1208 3372 igitur
1227 3302 1408 3357 nominativus
1422 3310 1473 3357 est.
1488 3301 1568 3357 Aliud
1582 3316 1647 3357 tero
1660 3311 1703 3358 εει
1715 3314 1794 3358 ειειιε

161 3389 227 3442 citer
242 3401 355 3453 nornen,
370 3390 495 3460 quoniam
510 3390 583 3446 nulla
599 3392 848 3463 circumscriptione
869 3393 952 3465 siqui·
1003 3393 1116 3464 alicujus
1129 3408 1209 3463 qnam
1221 3403 1262 3453 εει
1276 3394 1392 3460 idipsum
1404 3393 1481 3462 euius
1493 3407 1571 3449 casus
1582 3400 1641 3459 est,
1654 3407 1733 3448 casus
1746 3393 1794 3463 iqi-

162 3478 241 3545 lrrat,
256 3479 303 3533 sed
321 3479 451 3535 inlinitum
468 3496 576 3553 nomen,
592 3485 716 3553 quoniam
739 3485 815 3556 plura
826 3496 854 3544 et
873 3487 900 3543 in
919 3502 951 3543 ea

161 3567 263 3624 inbuite
276 3571 419 3642 signidem.
436 3572 488 3628 Sed
504 3572 556 3627 lroc
571 3589 624 3629 non
639 3575 724 3632 solum
739 3575 889 3646 hujusmodi
904 3594 952 3634 ro·

161 3658 237 3712 cibus
251 3660 400 3730 contingit,
418 3669 446 3716 ut
460 3661 620 3732 simpliciter
633 3664 683 3720 sub
698 3666 805 3721 norttine
820 3669 882 3737 poni
898 3684 950 3725 non

162 3748 282 3815 possint,
301 3750 347 3804 sed
364 3761 425 3806 sunt
438 3753 559 3821 quaedam
574 3753 634 3810 aliae
656 3771 715 3825 qnae
735 3757 824 3814 omnnia
844 3760 951 3830 quidem

160 3838 309 3893 accidentia
326 3843 443 3897 nominis
462 3842 576 3912 habeut,
601 3855 628 3902 et
650 3846 759 3904 definite
783 3850 951 3923 significant,

160 3931 212 3986 sed
224 3931 338 3999 quadam
349 3934 401 3988 alia
412 3936 602 4008 discrepantia,
615 3941 722 3997 nomina
733 3943 888 4014 simpliciter
901 3947 953 4002 dici

1004 3492 1046 3540 tur
1059 3484 1185 3551 nominis,
1199 3500 1295 3541 nomen
1306 3500 1359 3539 non
1372 3492 1423 3540 est.
1435 3485 1510 3554 Quod
1522 3500 1585 3541 vero
1595 3486 1710 3555 adjecit,
1725 3487 1794 3542 ratio

1004 3591 1070 3631 vero
1083 3576 1142 3646 rius
1154 3585 1195 3632 est
1209 3578 1235 3632 iu
1250 3577 1310 3633 aliis
1322 3577 1429 3647 quidem
1444 3576 1555 3644 cadem,
1570 3577 1620 3634 boc
1632 3578 1727 3648 inquit.
1742 3577 1794 3632 lla-

1004 3667 1041 3721 ti'o
1052 3676 1079 3722 et
1092 3667 1217 3722 dillinitio
1227 3667 1327 3737 obliqui
1338 3681 1417 3722 rasus
1429 3675 1456 3721 et
1468 3668 1584 3722 nominis
1594 3667 1686 3723 eadem
1698 3668 1724 3722 in
1735 3683 1794 3724 om-

1004 3758 1082 3811 nibus
1098 3757 1158 3812 aliis
1175 3767 1230 3824 εει,
1250 3773 1310 3812 narn
1328 3765 1357 3813 ει
1374 3770 1456 3812 νοεεε
1472 3764 1577 3811 suntet
1593 3758 1793 3828 significativas,

1004 3857 1032 3903 et
1046 3851 1192 3904 secundnm
1208 3850 1355 3919 placitum,
1370 3857 1398 3902 ει
1409 3848 1467 3903 sine
1483 3857 1620 3916 ternpore,
1636 3860 1662 3903 ει
1677 3850 1792 3906 circum·

1005 3940 1113 4008 seriptae
1126 3939 1276 4008 designant.
1292 3936 1344 3993 Sed
1361 3937 1410 4007 (ut
1424 3936 1481 4006 ipse
1496 3936 1549 4004 ait)
1564 3935 1653 3991 dillert
1667 3939 1792 4006 quoniam

161 4037 218 4078 non
235 4033 363 4091 possunt,
380 4033 408 4081 ut
421 4036 484 4082 sunt
497 4027 595 4098 obliqui
610 4045 705 4100 casus,
722 4044 824 4091 utrum
839 4036 954 4092 dicimus
1005 4045 1065 4085 ιιιιῐι
1079 4038 1136 4095 0⁵⁸,
1154 4030 1196 4084 '⁰¹
1209 4032 1273 4095 luit,
1285 4031 1327 4085 lei
1341 4030 1407 4098 “³¹2
1418 4027 1591 4099 ⁸di⁰¹¹⁰⁸⁰¹¹¹r
1604 4043 1689 4100 00‘100
1701 4045 1793 4085 vesum

161 4112 291 4182 Catonis,
307 4112 416 4184 Catoni,
432 4118 577 4186 Catonem,
591 4130 618 4178 ει
631 4133 754 4181 emtores.
770 4128 869 4182 llorum
882 4129 954 4183 enirn
1006 4136 1092 4191 ιιιιιιιθ
1105 4121 1199 4193 [litum
1212 4128 1263 4177 ⁰⁸²·
1277 4120 1353 4188 0⁰⁰4
1367 4135 1381 4174 ³
1393 4129 1467 4176 ¹0⁰⁸⁰
1482 4122 1590 4176 ”limine
1605 4121 1664 4177 ⁸¹⁸⁸
1677 4122 1730 4176 *¹¹¹²
1745 4123 1794 4177 ‘¹¹¹‘

162 4203 343 4271 discrepantia
357 4215 398 4261 cst
412 4221 427 4260 a
444 4208 569 4278 nomine,
583 4212 654 4281 quod
667 4229 763 4271 nornen
781 4231 881 4273 rectum
892 4218 955 4289 jun·
1007 4215 1137 4272 bitatione
1147 4216 1293 4286 perficitur,
1304 4224 1332 4270 ut
1342 4230 1401 4270 curn
1412 4224 1454 4272 εει
1464 4216 1506 4270 rel
1517 4214 1577 4281 luit,
1589 4215 1630 4271 vel
1641 4216 1691 4271 erit
1700 4214 1794 4285 adjun-

162 4301 235 4349 ctum
251 4311 311 4350 curn
328 4305 386 4365 εει,
402 4298 443 4353 rel
459 4312 584 4368 nonest,
599 4305 811 4364 enutniationenr
831 4308 909 4374 lacit,
926 4317 956 4366 ut
1006 4319 1079 4364 ctum
1094 4323 1187 4364 verum
1203 4308 1330 4363 laisumre
1343 4307 1484 4374 connotat,
1498 4307 1570 4377 quod
1584 4306 1733 4377 designarit
1746 4321 1794 4377 per

161 4386 185 4440 si
200 4386 365 4456 quisdicat,
380 4389 506 4448 Socrates
526 4404 585 4461 εει,
608 4395 659 4450 boc
682 4413 773 4453 nennn
797 4400 839 4456 rel
860 4402 955 4457 lalsurn
1007 4398 1059 4455 boc
1072 4399 1143 4471 quod
1156 4400 1203 4454 ait.
1215 4398 1316 4454 Nomen
1326 4413 1391 4455 rero
1401 4413 1507 4468 semper
1519 4398 1729 4454 subaudiendum
1742 4408 1794 4466 εει,
1850 4425 1851 4428 “

162 4489 214 4564 εει.
231 4479 260 4534 Si
274 4481 345 4536 enim
369 4484 476 4540 vivente
496 4484 609 4543 Socrate
629 4489 772 4560 diceretur,
797 4507 889 4549 rerum
911 4508 954 4550 es-
1008 4491 1128 4557 scilicet,
1145 4490 1207 4544 lacit
1220 4505 1312 4545 nerum
1328 4489 1475 4553 falsumve,
1490 4503 1550 4542 cum
1564 4497 1606 4543 est
1626 4489 1666 4543 tel
1686 4490 1735 4545 iuit
1753 4492 1794 4547 rei

163 4577 227 4636 sot,
242 4572 266 4626 si
281 4586 344 4627 tero
358 4583 482 4641 mortuo,
498 4575 595 4633 laisum
609 4589 699 4646 esset,
715 4597 799 4651 quare
814 4585 956 4641 alllrmatio
968 4551 1794 4653 1ieritadjunctum,‹nrurnquepnrntenumpla.batoniensi,

161 4671 216 4735 est,
230 4659 428 4731 Siquisaulem
442 4665 524 4732 dieat,
539 4668 663 4724 Socrates
678 4685 729 4726 non
742 4682 794 4738 est,
811 4689 904 4731 rursus
918 4675 957 4730 la·
1008 4674 1051 4730 rel
1071 4687 1124 4728 non
1139 4683 1197 4737 εει,
1212 4673 1238 4725 in
1255 4671 1296 4725 bis
1310 4671 1380 4725 enim
1397 4670 1445 4740 (ut
1459 4671 1515 4741 ipse
1528 4669 1583 4740 ait)
1599 4685 1686 4741 neque
1700 4686 1794 4727 rerum

162 4751 202 4804 cit
217 4751 403 4821 negationem,
420 4762 444 4808 ει
460 4755 486 4809 in
502 4770 533 4810 ea
547 4749 653 4827 qunque
667 4760 766 4815 veritas
788 4764 830 4817 tel
855 4764 957 4820 lalsitas
1009 4763 1108 4836 aliquid
1121 4763 1231 4829 dicitur,
1242 4776 1327 4832 neque
1342 4759 1456 4828 tarsum.
1470 4774 1553 4831 quaro
1565 4760 1667 4833 integra
1680 4763 1795 4819 nominis

162 4839 308 4894 invenitur.
327 4840 398 4912 Ergo
411 4857 492 4898 omne
508 4859 606 4900 nomen
627 4856 729 4902 rectum
751 4851 872 4918 juliorum
894 4851 978 4906 cum*
1009 4856 1135 4912 dillinitio
1148 4865 1190 4911 εει
1204 4853 1366 4924 hujusmodi.
1380 4854 1484 4909 Nomen
1497 4863 1539 4909 est
1551 4869 1603 4910 vox
1616 4854 1795 4927 designativa,

161 4940 206 4986 εει
231 4931 271 4985 vel
295 4942 433 5008 nonest,
459 4926 671 4995 enuntiationem
694 4941 811 4997 coniicit.
836 4944 868 4998 lli
893 4958 964 5003 rertt
1009 4939 1159 5003 secundum
1183 4945 1328 5016 placitum,
1354 4945 1563 5014 εἰιιειειιιροιε,
1587 4946 1795 5017 circumscripta

161 5018 266 5088 obliqui
291 5036 369 5076 casus
391 5022 477 5091 juncti
503 5041 564 5082 curn
587 5040 648 5095 εει,
670 5031 712 5087 vel
735 5046 796 5088 eum
821 5048 873 5089 uon
898 5046 956 5102 εει,
1009 5037 1231 5110 significationis,
1252 5035 1329 5106 cujus
1350 5045 1440 5106 partes
1459 5046 1534 5092 extra
1554 5035 1620 5092 nihil
1639 5037 1796 5108 designant,

95 5118 103 5129 ’
160 5112 377 5171 enuntiationem
404 5118 473 5173 nulla
499 5121 602 5178 ratione
624 5125 774 5193 perliciunt.
800 5128 957 5188 Enurttiatio
1010 5140 1037 5184 el
1051 5144 1110 5184 cunr
1126 5138 1182 5195 εει,
1199 5127 1242 5182 vel
1255 5129 1324 5193 erit,
1337 5127 1380 5182 vel
1396 5128 1446 5183 luit
1459 5127 1631 5197 adjunctum,
1646 5127 1742 5183 nullius
1756 5130 1798 5182 in·

161 5220 278 5276 namque
292 5217 333 5263 est
355 5210 490 5278 perlectus
509 5214 639 5269 orationis
660 5215 811 5273 intellectus
831 5220 857 5274 in
878 5237 958 5291 quern
1010 5221 1127 5293 digentis
1145 5220 1276 5275 orationis
1291 5218 1433 5290 perficiens
1453 5220 1616 5275 intellectum
1637 5219 1796 5275 enuntiatio·

162 5297 263 5354 veritas
277 5312 321 5352 aut
336 5300 441 5355 falsitas
455 5302 538 5358 eadit.
550 5304 578 5359 Si
592 5307 652 5375 quis
666 5321 731 5375 erqo
745 5307 834 5372 dicat,
848 5310 970 5365 Catonis·
1012 5325 1127 5379 nemque
1141 5310 1325 5374 constituenti
1341 5307 1467 5379 l¹¹0¹¹i²¹¹¹
1483 5309 1561 5376 ibff¹¹¹l
1574 5307 1608 5362 ‘¹⁰
1627 5308 1735 5362 ¹¹⁰¹¹¹i¹¹⁰
1748 5314 1796 5355 ⁰¹⁴

162 5396 224 5457 εει,
240 5391 359 5446 nondum
376 5403 416 5446 εει
433 5395 512 5463 plena
527 5399 679 5462 sententia;
695 5399 758 5468 qnid
773 5399 844 5454 enirn
859 5401 892 5455 sit
907 5403 958 5456 Ca·
1011 5403 1129 5474 peditum
1144 5410 1201 5469 εει,
1215 5400 1247 5456 ad
1263 5400 1450 5455 diffinitionem
1465 5397 1539 5453 verbi
1553 5398 1708 5466 veniamus„
1718 5404 1745 5425 ”’

163 5482 234 5540 tonis
250 5500 305 5539 non
320 5484 431 5549 dieitur,
447 5499 528 5555 atque
549 5489 644 5544 eodem
667 5491 763 5558 modo,
785 5491 879 5547 Caleni
900 5502 957 5560 εει,
1004 5532 1009 5537 -
1306 5489 1350 5545 DE
1370 5489 1511 5545 VERBO?

163 5578 205 5633 rel
220 5577 351 5633 Catonem
367 5585 420 5631 est.
436 5577 466 5631 ln
481 5578 524 5633 bis
538 5595 604 5650 erqo
623 5583 749 5651 quoniam
771 5598 831 5639 curn
855 5596 897 5640 εει
916 5586 958 5642 rel
1049 5587 1161 5642 tutum
1174 5592 1258 5639 ostem
1267 5591 1304 5638 εει
1322 5581 1389 5652 quot
1408 5581 1584 5653 conriqnipicct
1599 5588 1709 5650 tempus,
1722 5586 1797 5654 cujus

165 5683 219 5724 non
233 5673 276 5722 εει
290 5664 421 5734 injuncti,
441 5670 652 5725 orrtrntiationem
668 5686 721 5726 non
741 5675 902 5743 perficiunt,
917 5685 960 5732 εει
1012 5697 1071 5750 perr
1087 5678 1153 5734 nibil
1176 5684 1248 5731 retro
1271 5675 1408 5745 siginificat,
1421 5685 1446 5729 et
1464 5684 1501 5730 εει
1525 5690 1724 5745 competentem
1741 5693 1797 5746 qum

67 5780 73 5839 '.
164 5757 287 5830 quadarn
303 5774 316 5811 a
334 5758 444 5813 trorniue
458 5758 656 5833 discrepantia,
670 5778 819 5838 quanquam
835 5767 894 5822 sint
906 5785 956 5826 no·
1009 5771 1128 5827 decilm
1139 5768 1321 5840 predicantur,
1334 5774 1403 5820 nota.
1419 5767 1573 5830 Dieooutem
1583 5767 1706 5834 quonium
1716 5770 1797 5823 consi·
1811 5762 1814 5770 '

328 5875 465 5938 Parnon..
489 5874 597 5940 lxlv.
771 5936 779 5956 ,
1597 5882 1637 5945 lb

901 5962 919 5992 -ἶ
