3946 6186
237 322 305 385 3299
643 315 678 372 ΙΝ
696 312 826 373 tinnuli
845 313 891 370 bii
906 309 1053 369 ritable.
1073 307 1179 368 tltllltt
1198 309 1436 368 ennsonanntt
1797 301 1872 365 ibbo

234 441 338 510 aequate
359 437 454 507 aquali
477 436 579 517 aequale
599 445 657 499 est,
680 444 708 490 et
729 435 818 492 simile
837 432 917 490 simili
933 432 1130 517 'simileAqua
1151 433 1324 517 proportione
1345 429 1494 500 theologica
1515 435 1685 510 cogamus,
1704 425 1778 482 nulla
1798 423 1869 510 ima·

235 521 289 569 ast.
303 510 368 577 Qttae
382 507 507 562 uidelicet
519 505 641 574 ejusdem
657 506 773 561 nominis
787 513 849 561 sunt
863 503 1019 560 relationes.
1073 510 1214 629 gahailana
1235 503 1270 557 ab
1290 501 1332 558 lus
1353 516 1413 572 quae
1436 499 1650 568 theologicorum
1672 506 1735 551 snut
1756 510 1866 566 propria

237 581 304 650 lpsae
326 591 433 647 qnoque
454 577 616 644 quantitates
638 585 664 632 et
688 575 850 644 qualitates,
874 572 1021 629 seonndnm
1092 574 1203 629 ebemns
1217 573 1324 639 diduci,
1347 581 1376 627 nt
1389 570 1510 636 scilicet,
1525 568 1651 639 qnoniam
1667 567 1799 623 naturalia
1814 581 1866 629 no·

235 663 303 717 quas
316 663 348 703 ea
364 646 390 701 in
404 645 501 716 quibus
514 655 577 701 snut
591 645 702 718 aqttalia
717 654 795 712 sunt,
809 653 889 712 atqua
902 643 1020 698 similia:
1073 643 1145 698 ruina
1165 645 1200 699 ad
1222 643 1371 711 theologica
1393 641 1600 707 transferentes,
1622 637 1738 694 dicimus
1757 637 1865 694 Patrem

236 727 266 775 ει
278 718 301 771 ai
315 717 359 772 illa
375 716 537 786 proprietate
550 731 603 786 qna
616 715 797 771 sub'ectornm
812 728 922 770 suorum
937 713 1022 768 altera
1072 713 1106 770 ad
1120 713 1233 781 Filium,
1248 722 1276 769 et
1290 713 1387 769 Filium
1409 711 1444 768 ad
1458 711 1582 778 Patrem,
1604 719 1629 764 et
1652 708 1781 775 Spiritum
1801 722 1867 764 san-

234 787 342 859 quidem
358 786 454 857 liujus,
468 787 552 843 altera
567 802 631 841 aero
644 786 661 840 il
674 786 716 842 ius
737 785 855 855 propriae
877 793 957 851 sunt,
981 780 1021 837 di·
1073 795 1146 840 ctunt
1160 785 1194 839 ad
1210 793 1372 853 utramque,
1386 791 1414 838 ει
1432 790 1576 849 utrumqne
1598 779 1632 835 ad
1651 778 1779 848 Spiritum
1800 792 1863 832 san·

235 871 321 915 rersae
337 858 520 927 intelligantur
534 877 541 913 :
556 872 609 912 non
625 864 715 911 tamen
730 855 797 910 adeo
811 855 925 909 diversae
939 862 1021 918 snut,
1073 863 1145 911 etum
1162 854 1271 919 relerri,
1288 861 1412 936 putemus
1426 867 1474 909 eos
1495 850 1628 931 aliquibus
1650 864 1743 906 eornm
1765 847 1865 931 quibus

234 927 307 986 siem
328 927 403 998 dupli
425 939 453 985 ει
477 927 597 988 dimidii,
620 937 648 980 et
669 934 829 981 caeterorum
851 922 1022 993 inaequalium
1073 924 1184 980 suntad
1199 925 1355 980 seinvicem
1371 923 1490 986 alteros:
1505 920 1553 978 sed
1567 930 1656 991 potrus
1669 935 1684 974 a
1699 927 1865 990 proprietate

233 1000 417 1069 quantitates:
432 1005 479 1053 aul
490 998 559 1053 sicut
571 997 624 1052 albi
639 1005 667 1052 ει
680 996 766 1064 nigri,
790 994 832 1051 rel
853 994 977 1063 trianguli
993 1004 1021 1049 ει
1073 995 1235 1051 naturalium
1249 994 1421 1060 recedentes,
1438 1000 1545 1062 oportet
1566 1005 1616 1046 nos
1635 991 1703 1062 erigi
1722 989 1864 1046 intellecta

234 1069 378 1139 quadrati,
394 1078 420 1122 et
434 1075 596 1124 ceterorum
616 1065 811 1122 contrariorum
832 1078 882 1119 sen
903 1064 1023 1132 dispara·
1074 1063 1205 1133 simplici,
1221 1073 1251 1120 nt
1270 1064 1374 1120 scilicet
1395 1064 1489 1119 horum
1511 1062 1610 1126 trium,
1631 1060 1753 1132 quamvis
1775 1060 1809 1115 ad
1831 1074 1865 1114 se

237 1151 324 1195 torum
349 1138 502 1207 qualitates.
529 1136 564 1192 Et
585 1145 615 1191 ut
634 1137 669 1190 ab
687 1135 809 1203 apposito
829 1133 953 1201 exemplo
968 1146 1021 1189 non
1073 1135 1235 1202 relatorum,
1249 1143 1276 1190 et
1289 1135 1448 1190 relationum
1462 1131 1670 1202 proprietatibus
1681 1130 1863 1192 diversorum,

234 1208 408 1277 recedamus,
422 1206 586 1277 quantitates
600 1217 628 1261 et
641 1205 783 1275 qualitates
794 1202 943 1259 secundnm
957 1217 1022 1273 quas
1073 1204 1255 1274 intelligamus
1269 1218 1348 1259 natam
1364 1205 1448 1259 solam
1463 1203 1685 1274 simplicemque,
1704 1215 1756 1270 qna
1778 1215 1864 1255 unns·

234 1279 346 1349 aqualia
360 1287 389 1334 et
402 1277 499 1334 similia
513 1276 647 1343 dicuutur,
666 1290 718 1330 uon
732 1275 800 1330 adeo
812 1273 928 1330 diuersae
938 1282 1021 1341 sunt,
1072 1275 1185 1346 quisquo
1199 1283 1255 1340 est,
1270 1283 1298 1330 et
1311 1289 1405 1330 omnes
1419 1274 1500 1329 simul
1515 1282 1577 1328 suot
1591 1286 1675 1340 arnus,
1697 1280 1726 1326 ει
1745 1270 1863 1340 simplex

235 1349 305 1405 sicut
319 1357 438 1417 potestas
451 1355 479 1402 ει
493 1347 597 1413 vilitas,
618 1345 764 1401 secondum
782 1359 849 1470 3⁰²⁸
868 1343 914 1399 ille
932 1343 1021 1398 domi·
1074 1347 1161 1414 bens,
1176 1344 1338 1411 essentiam,
1352 1353 1380 1400 et
1394 1345 1545 1400 nullatenus
1564 1343 1675 1398 alterius
1689 1341 1818 1405 alteram,
1834 1347 1865 1396 et

235 1433 301 1483 uns,
321 1420 372 1473 iste
393 1432 457 1474 rero
478 1432 573 1472 servus
593 1416 728 1480 dicuutur,
751 1430 781 1471 se
822 1412 1022 1484 quodammodo
1073 1415 1184 1472 alterius
1197 1415 1319 1471 alteram.
1336 1414 1370 1471 lit
1384 1415 1500 1482 deniquo
1512 1415 1665 1485 quicunque
1682 1413 1738 1467 sire
1758 1411 1863 1466 theolo-

200 1503 203 1507 ·
233 1503 316 1546 unum
331 1497 477 1554 sunt,nou
491 1487 717 1556 quidomeaqua
732 1501 766 1542 ert
781 1484 967 1556 singularitate
980 1491 1021 1539 est
1072 1485 1256 1557 gicnm,sine
1276 1485 1417 1551 naturale,
1438 1485 1494 1554 siue
1513 1483 1650 1553 «quotibet
1667 1481 1740 1537 aliud
1759 1483 1863 1552 (prout

233 1559 356 1624 ῦῐιίῑιῑθ,
382 1558 429 1613 ted
454 1572 486 1613 ea
514 1572 574 1626 (ιιι
598 1569 630 1611 er
656 1557 828 1626 proportione
852 1563 1022 1624 comparatur
1073 1565 1163 1627 potest
1174 1555 1308 1626 intelligi)
1328 1555 1365 1612 ita
1383 1557 1463 1612 etiam
1486 1554 1594 1626 aggredi
1619 1553 1756 1610 intellectu
1781 1567 1863 1622 opor·

232 1630 343 1685 unione.
359 1627 413 1685 Sed
427 1636 454 1683 ει
469 1628 513 1682 ubi
529 1641 581 1682 nott
596 1627 659 1681 unio
673 1627 855 1690 collectionis,
872 1625 920 1680 sed
934 1623 1022 1679 unitas
1073 1635 1131 1693 tet,
1157 1642 1191 1683 ne
1212 1641 1292 1697 quem
1315 1627 1343 1681 in
1367 1627 1572 1695 proportionum
1593 1623 1860 1694 comparationibus,

236 1697 409 1767 proprietatis
423 1706 482 1762 est,
498 1696 527 1753 lit
541 1696 701 1767 quandoque
715 1696 871 1765 praedicatio
891 1695 1019 1761 relativa,
1073 1707 1149 1754 extra
1170 1697 1216 1752 illa
1238 1705 1348 1767 propter
1369 1712 1429 1767 quae
1450 1695 1664 1765 comparationes
1686 1693 1861 1760 inducuntur,

234 1775 263 1822 nt
283 1769 354 1824 idern
375 1769 420 1835 ei,
442 1768 513 1839 qnod
533 1778 573 1822 εει
596 1768 684 1835 idem,
701 1766 771 1822 idern
792 1773 844 1828 est,
867 1780 919 1819 non
941 1765 1021 1820 modo
1072 1768 1159 1837 aliquo
1174 1765 1312 1836 phantasia
1326 1765 1525 1836 imaginationis
1538 1763 1664 1834 decipiat.
1681 1763 1733 1821 Sed
1746 1765 1782 1820 de
1796 1778 1863 1833 pro·

234 1837 371 1894 Mentitate
386 1837 503 1903 unionis,
518 1847 548 1893 nt
561 1838 659 1904 homo,
675 1836 745 1893 idem
765 1836 836 1905 quod
856 1834 936 1890 homo
954 1843 996 1891 est
1012 1877 1018 1888 .
1035 1806 1059 1868 Β
1073 1839 1160 1908 posita
1174 1836 1339 1908 quaestione,
1352 1852 1404 1907 qua
1423 1851 1456 1892 ex
1477 1833 1614 1906 principiis
1632 1835 1796 1890 naturalium
1816 1848 1863 1889 ra·

232 1921 295 1963 nam
309 1908 383 1964 Plato
396 1904 529 1964 et’Cioero
542 1907 641 1964 anione
654 1907 752 1977 speciei
765 1915 829 1963 sunt
841 1905 913 1963 idem
928 1905 1019 1971 bomo,
1072 1908 1174 1963 tionum
1202 1907 1345 1978 quesitum
1364 1916 1420 1972 εει,
1445 1921 1479 1961 an
1498 1907 1534 1961 sit
1552 1921 1604 1960 una
1627 1906 1746 1960 essentia
1764 1918 1861 1960 eornm

232 1977 418 2034 verumetiam
435 1978 584 2042 identitate,
598 1993 661 2034 rere
681 1987 707 2034 et
726 1992 785 2047 quaa
803 1992 837 2033 ex
856 1977 1020 2059 proprietate
1071 1979 1117 2050 qui
1132 1978 1338 2047 proprietalibus
1353 1978 1467 2033 inuicem
1481 1991 1499 2031 a
1512 1991 1542 2032 se
1555 1988 1616 2031 sunt
1631 1975 1694 2040 alii,
1708 1985 1781 2030 etan
1795 1989 1861 2044 pro-

231 2057 274 2104 ειι
288 2048 415 2113 unitatis;
433 2060 461 2105 ut
476 2048 608 2104 rationale
629 2049 697 2102 idem
720 2047 791 2114 qnod
813 2048 943 2103 mtroonle
963 2056 1020 2114 est,
1072 2050 1216 2118 prietatnm
1234 2047 1379 2103 diversitas
1399 2046 1462 2102 lacit
1481 2062 1495 2099 a
1516 2042 1546 2102 sb
1560 2046 1676 2101 invicem
1691 2044 1776 2111 alios,
1790 2060 1861 2113 qut»

231 2119 313 2174 valoti
332 2121 422 2173 aalma
441 2118 575 2183 bominis,
599 2127 627 2174 et
645 2118 704 2187 ipse
725 2117 824 2186 mmo,
846 2130 900 2172 non
920 2117 1020 2174 natione
1072 2134 1130 2175 rnna
1146 2133 1200 2176 non
1215 2117 1374 2174 estdirersa
1389 2117 1526 2182 essentia;
1547 2124 1576 2171 ει
1595 2115 1751 2186 theologicis
1771 2117 1858 2192 ratio-

231 2189 348 2257 speciei,
362 2188 409 2245 sed
424 2189 528 2246 unitate
549 2189 736 2258 proprietatis,
753 2199 815 2244 sntrt
835 2202 918 2242 unum
938 2188 1019 2245 ratio-
1070 2188 1150 2246 nibus
1171 2191 1402 2253 demonstratum,
1428 2186 1500 2257 qnod
1521 2188 1567 2256 qui
1588 2201 1603 2241 a
1625 2200 1656 2242 se
1678 2187 1791 2243 inuicem
1812 2187 1864 2242 alii

232 2257 312 2324 nale,
328 2274 388 2316 cnm
405 2268 495 2314 tamen
509 2257 677 2328 partialitatis
697 2268 726 2313 ct
748 2257 890 2314 totalitatis
912 2257 1019 2313 relatio·
1069 2268 1148 2326 sunt,
1164 2274 1217 2314 non
1239 2259 1289 2314 uisi
1311 2273 1363 2315 nna
1381 2257 1509 2329 singulari
1528 2266 1555 2312 et
1575 2255 1710 2312 indiuidua
1728 2259 1861 2322 omuino,

229 2325 309 2384 nibus
321 2343 351 2384 se
366 2328 399 2383 atl
412 2343 473 2386 sesa
488 2331 602 2385 invicem
618 2328 744 2385 habeant.
759 2329 855 2384 hnima
869 2328 940 2385 enim
956 2341 1017 2398 pars
1068 2342 1097 2387 ει
1113 2330 1227 2401 simplici
1241 2330 1356 2385 essentia
1375 2342 1438 2384 stant
1458 2329 1572 2398 idipsum
1591 2327 1661 2396 qnod
1681 2337 1762 2392 sunt;
1777 2337 1858 2381 uatu-

230 2399 346 2453 ltominir
360 2407 419 2468 ext,
434 2408 462 2455 ει
476 2398 557 2454 borno
573 2408 657 2455 totum
671 2398 786 2465 animae,
801 2399 923 2469 quamtis
938 2400 1018 2454 bomo
1069 2399 1450 2470 ralibnstero,qtmdquiutta
1462 2398 1578 2469 essentia
1590 2397 1686 2453 suntid
1699 2399 1854 2467 quodsum,

229 2467 405 2551 aliquidquid
419 2477 461 2525 est
475 2470 576 2526 anima.
592 2468 657 2523 llam
671 2471 721 2524 etsi
737 2470 825 2523 anima
840 2484 893 2526 non
908 2468 1018 2524 omnino
1070 2472 1261 2540 proprietatum
1284 2469 1500 2537 diversitatibus,
1520 2469 1623 2536 absque
1639 2469 1685 2522 illa
1705 2482 1765 2536 qnae
1787 2482 1856 2522 rero

229 2545 272 2593 est
285 2541 312 2593 td
327 2537 398 2607 quod
414 2540 512 2604 bomo,
530 2539 610 2594 bomo
624 2546 713 2594 tamen
728 2549 770 2593 εει
784 2540 854 2594 idem
870 2540 941 2610 quod
956 2542 1014 2594 ani·
1069 2542 1178 2597 nornine
1191 2541 1312 2595 alteritas
1324 2550 1447 2605 vocatur,
1463 2554 1478 2595 a
1492 2537 1648 2595 seinvicem
1661 2538 1706 2593 alii
1719 2547 1795 2602 sont,
1808 2553 1856 2591 sa·

230 2621 282 2661 ma.
297 2606 331 2663 Et
346 2618 375 2663 nt
388 2609 528 2664 veniamus
540 2609 574 2662 ad
587 2608 811 2680 inpropterquod
823 2609 858 2665 do
871 2610 959 2666 taliter
974 2613 1016 2664 in·
1069 2611 1103 2666 tis
1116 2611 1215 2667 dictum
1228 2621 1278 2666 est.
1292 2609 1380 2676 Nunc,
1396 2626 1412 2663 o
1424 2608 1595 2679 symmache,
1608 2608 1793 2678 etquicunque
1806 2608 1856 2662 alii

228 2674 409 2734 differentium
431 2678 605 2734 relationibus
624 2679 758 2745 dixtnrus,
781 2680 807 2734 in
830 2680 880 2735 ltao
901 2680 1017 2736 maxime
1067 2681 1205 2752 sapientes
1228 2679 1325 2750 quibus
1348 2681 1417 2734 lianc
1438 2679 1596 2747 questionis
1621 2678 1856 2748 investigationem

227 2745 263 2802 do
276 2762 327 2816 qua
343 2749 446 2817 agimus
460 2748 609 2815 Trinitate,
623 2749 648 2803 id
665 2750 747 2805 estin
764 2750 806 2804 his
820 2749 920 2815 tribas,
938 2749 1016 2805 Patre
1067 2752 1151 2808 vestri
1167 2750 1261 2820 iudicii
1275 2750 1389 2819 cupidus
1407 2749 1571 2805 offerendam
1590 2753 1698 2817 curari,
1718 2749 1856 2805 subtilitas

227 2816 341 2898 scilieet,
357 2827 383 2872 et
398 2816 478 2886 Filio,
495 2828 522 2874 et
536 2820 636 2889 Spiritu
652 2828 756 2885 sancto,
772 2821 866 2874 smiis
887 2830 929 2876 est
948 2821 1016 2877 rela·
1067 2819 1188 2878 formatae
1203 2819 1353 2876 rationibus
1366 2821 1539 2889 quaestionis,
1556 2828 1693 2889 exspectat
1712 2834 1851 2881 normam,

228 2895 266 2942 tto
279 2904 286 2941 :
301 2887 426 2944 videlieet
439 2889 526 2945 Patris
539 2889 573 2945 ad
587 2890 701 2958 Filium,
715 2902 742 2946 et
756 2893 819 2946 item
832 2891 970 2960 utriusque
982 2891 1015 2946 ad
1067 2893 1093 2947 id
1113 2904 1156 2948 εει
1175 2892 1295 2961 regulam
1314 2891 1396 2947 vestri
1415 2890 1525 2960 iudicii,
1544 2890 1622 2960 cujas
1642 2890 1718 2961 quasi
1740 2891 1854 2960 quadam

227 2954 356 3039 Spiritum
371 2968 509 3023 sauetnm;
532 2959 643 3026 similis,
660 2960 786 3030 inquam,
811 2970 842 3016 nt
863 2960 923 3030 eius
944 2963 1015 3028 quod
1066 2964 1236 3033 appositione
1249 2961 1307 3017 haec
1319 2974 1380 3030 qnae
1393 2961 1427 3015 de
1439 2961 1587 3031 quaestione
1602 2961 1673 3016 dicta
1694 2973 1772 3026 suut,
1788 2977 1852 3017 vere

220 3035 268 3109 ‚est
280 3027 366 3095 adem,
384 3029 416 3083 ad
438 3030 464 3085 id
484 3030 554 3100 qnod
573 3041 614 3088 est
632 3032 701 3086 idern
717 3048 723 3086 :
740 3031 876 3100 quomodo
894 3031 1013 3097 scilicet,
1066 3043 1094 3087 ct
1111 3035 1206 3088 ordine
1224 3046 1344 3097 congruo
1364 3044 1423 3087 esse
1443 3033 1513 3086 dicta
1533 3040 1708 3087 monstratur.
1729 3033 1803 3099 Quod
1826 3044 1854 3086 ει

225 3107 295 3153 stetu
313 3100 340 3154 in
361 3100 403 3156 his
421 3115 482 3169 qnae
500 3102 569 3156 dicta
588 3112 667 3167 stant,
686 3115 738 3156 non
754 3102 841 3158 aulert
854 3102 1011 3158 relationem
1067 3105 1125 3172 ipse
1137 3104 1263 3172 supponit
1276 3101 1607 3168 dicenszllttm,t·idelicet
1618 3102 1777 3172 quaestionis
1790 3101 1855 3158 snb-

224 3164 272 3249 llla
285 3170 481 3240 qualiscunque
496 3185 588 3231 aarum
604 3171 741 3236 identitas,
769 3173 804 3228 ita
821 3172 908 3228 Patris
920 3173 953 3228 ad
969 3173 1012 3227 Fr·
1027 3159 1049 3222 C
1066 3176 1165 3240 tilitas,
1193 3184 1283 3227 utrum
1308 3180 1383 3227 reete
1407 3188 1440 3226 an
1466 3173 1578 3228 minime
1600 3171 1694 3228 ordine
1716 3184 1744 3229 ει
1765 3174 1854 3243 perle-

224 3235 307 3308 ltnnr,
321 3250 349 3294 ει
360 3243 498 3311 utriusque
512 3241 546 3295 ad
559 3241 686 3310 Spiritum
701 3253 821 3298 sanctum
834 3244 1010 3308 relationem,
1064 3247 1155 3300 ctione
1177 3243 1311 3298 rationum
1329 3240 1442 3298 decursa
1459 3242 1518 3309 sit,
1536 3243 1562 3298 id
1580 3251 1641 3308 est,
1661 3246 1781 3312 adusque
1798 3253 1855 3300 ter-

223 3308 560 3380 postulantemque
582 3319 636 3365 tres
657 3312 829 3381 singulariter
851 3329 918 3367 nnus
941 3314 1011 3370 nans
1064 3317 1164 3370 minant
1187 3312 1383 3382 explanationis
1403 3311 1533 3380 deducta,
1556 3321 1656 3368 statuet
1676 3313 1734 3368 sola
1757 3323 1853 3369 reslrae

223 3386 285 3457 enati
297 3392 389 3433 eoram
405 3380 541 3435 identitas.
565 3380 594 3435 ld
615 3392 716 3448 antem,
728 3382 831 3437 scilicet
852 3385 895 3438 vel
916 3383 1009 3441 referri
1063 3382 1455 3455 pronuntiationisauctoritas.
1469 3382 1684 3450 ductantium
1697 3385 1854 3454 gratiaopi·

222 3445 310 3528 aquub
325 3449 394 3503 inter
408 3463 455 3514 se,
473 3464 532 3517 qnae
546 3449 671 3504 omnibus
690 3450 786 3530 quibus
809 3464 871 3506 strut
894 3455 1008 3509 invicem
1062 3452 1665 3525 talante,argumentornmidoneaadjumenta
1677 3455 1853 3522 praestitimus

221 3514 293 3596 idem
307 3520 446 3599 sntttprel
466 3533 525 3586 qun
546 3518 700 3574 reseruntur
719 3522 834 3576 italicam
856 3523 927 3578 idem
948 3539 1009 3580 esse
1060 3525 1256 3580 catlrollcorum
1278 3522 1436 3589 seriteutiae,
1456 3533 1567 3594 sponte,
1590 3523 1616 3577 id
1637 3533 1678 3577 εει
1696 3526 1754 3578 siue
1772 3526 1853 3580 ratio·

220 3585 345 3667 amnibus
358 3593 455 3658 qutbns
468 3596 545 3651 sunt,
560 3603 612 3642 non
625 3597 713 3656 potest
728 3589 841 3644 mveuiri
864 3592 890 3646 in
906 3596 1008 3647 curretis
1062 3611 1125 3649 nnru
1140 3593 1316 3665 argumentis,
1331 3592 1508 3660 firmissima,
1526 3593 1704 3648 laudamentis
1724 3596 1803 3660 lidei,
1824 3597 1851 3650 id

219 3654 280 3711 ahts
293 3657 390 3738 rebus,
407 3657 508 3724 idest,
524 3658 606 3712 nullm
619 3658 679 3713 aliae
694 3673 739 3713 res
758 3670 840 3724 sunt,
863 3662 889 3714 iu
913 3661 1008 3730 quibas
1060 3675 1115 3725 εει.
1131 3665 1257 3734 quoniam
1271 3665 1296 3718 iu
1313 3664 1366 3719 lule
1381 3665 1512 3725 fraudatae,
1526 3662 1617 3718 lautitia
1633 3664 1743 3731 perlecti
1757 3668 1852 3732 operis

219 3722 273 3780 lton
285 3736 369 3807 posstt
381 3728 505 3809 inveniti·
522 3728 597 3790 duod
612 3729 635 3782 si
650 3728 702 3784 hoe
715 3739 774 3793 etl,
791 3741 818 3783 ιιι
842 3732 934 3800 utique
948 3743 1004 3796 εει,
1059 3744 1143 3789 nostr·
1159 3737 1221 3789 illuc
1235 3734 1381 3799 remeabit,
1397 3735 1555 3791 unde'tenit
1573 3737 1702 3797 allectus,
1721 3732 1746 3786 itl
1764 3743 1806 3788 εει
1821 3735 1848 3787 in

218 3795 290 3863 qaod
306 3811 332 3848 tn
347 3797 425 3876 nullis
438 3798 499 3852 altis
515 3798 566 3852 hoo
579 3798 692 3854 insertiri
708 3800 809 3869 possit,
826 3816 920 3856 revera
943 3801 1006 3858 lacit
1058 3818 1092 3860 eo
1103 3805 1261 3867 letabimur,
1272 3805 1654 3874 beo,sciliectlrinitate,qn0
1665 3812 1775 3858 anctore
1787 3820 1850 3874 per-

218 3864 270 3946 hoc
283 3866 418 3948 alteratas,
440 3884 499 3937 quae
519 3879 560 3924 est
579 3879 693 3938 cognata
710 3872 822 3926 caducis
838 3872 927 3926 rebus.
948 3873 1005 3928 Non
1061 3873 1184 3931 lecimus.
1200 3876 1313 3942 Quodsi
1329 3875 1497 3941 hnmanitas,
1510 3877 1536 3931 id
1550 3885 1593 3930 est
1606 3879 1728 3929 tantamne
1741 3885 1846 3928 naturae

217 3948 289 3990 enttn
313 3951 373 3990 stne
397 3938 504 4019 illorum
532 3940 628 4008 qtribns
653 3948 716 3995 sunt
741 3942 876 3997 alteritate
900 3946 1005 3999 tlnersa
1058 3944 1214 4010 inlirmitas,
1237 3945 1357 4014 nequivit
1376 3947 1525 4003 ascendero
1544 3946 1612 4001 ultra
1633 3959 1679 4012 se,
1699 3957 1728 4000 nt
1746 3946 1851 4000 scilicet

216 4013 278 4087 sunt
297 4019 312 4060 a
329 4019 367 4087 ‘se
381 4008 507 4077 quaelrbet
522 4011 714 4091 subsistantia,
733 4027 783 4067 nec
797 4012 848 4067 nisi
865 4012 915 4067 hac
930 4013 1000 4068 alte·
1058 4015 1202 4071 iuellabilia
1224 4032 1256 4070 ex
1278 4017 1412 4070 rationum
1436 4016 1502 4072 loeis
1522 4016 1698 4082 ostenderet,
1719 4027 1849 4084 qnantum

215 4084 295 4132 ritate
310 4076 414 4131 dtversa
426 4087 542 4159 'possunt
563 4082 595 4134 ad
618 4095 648 4134 se
668 4081 782 4138 inuicem
806 4082 911 4139 relerri.
936 4081 1001 4140 Cntn
1058 4086 1243 4155 intelligentiae
1257 4086 1426 4141 imbecillitas
1438 4086 1598 4154 perlectioni
1611 4088 1685 4156 operi
1698 4086 1849 4153 subtrabit,

215 4159 280 4200 vero
295 4146 488 4203 hacalterttnta
503 4151 593 4204 omnia
609 4166 669 4220 qnae
684 4152 710 4205 in
726 4151 768 4207 his
788 4153 898 4208 caducis
919 4157 952 4208 ad
972 4170 1004 4211 se
1060 4165 1164 4211 tantum
1185 4155 1502 4224 incomprehensibilibus
1526 4172 1634 4228 semper
1656 4157 1780 4212 harenata
1801 4173 1849 4213 no·

215 4213 381 4284 referuntur,
396 4233 412 4272 a
426 4233 455 4272 se
467 4219 520 4274 sint
534 4220 629 4287 altera,
654 4236 702 4275 nos
716 4224 760 4291 qni
782 4238 814 4278 ex
839 4225 932 4278 horum
955 4225 1006 4278 ali·
1060 4225 1171 4280 luntatis
1190 4237 1251 4281 nota
1269 4227 1442 4297 supplebunt.

542 4426 674 4532 au.
711 4429 958 4537 mann.
1004 4431 1184 4539 sav.
1224 4433 1496 4541 nonunt
1603 4571 1605 4575 γ

300 4609 521 4694 UTRUM
546 4612 739 4698 PATER
770 4617 845 4698 ΕΤ
880 4618 1067 4704 FILIUS
1095 4620 1170 4705 AC
1199 4619 1469 4706 SPIRITUS
1496 4621 1758 4708 SANCTUS

266 4777 332 4854 llll
374 4782 671 4863 DlVlNlThTE
711 4788 1180 4870 SUBSTANTIALITER
1222 4795 1588 4874 PRAEDICENTUR
1635 4796 1794 4895 LIBER,

533 4943 587 5002 an
608 4943 639 5004 s.
662 4943 850 5008 totnunu
871 4948 1081 5012 otaconntt
1101 4949 1306 5014 scctnsnn
1324 4951 1505 5015 nonnum
1520 4963 1544 5009 ·.

954 5095 1107 5111 -ἡ

245 5191 343 5259 Quaero
358 5205 391 5244 an
414 5190 493 5247 Pater
506 5201 534 5246 ει
556 5191 640 5247 litias
659 5206 691 5245 ac
706 5191 822 5261 Spiritus
837 5201 944 5248 satiatus
965 5194 1000 5249 de
1016 5198 1224 5262 Dsnmcntlam,
1234 5200 1305 5254 uude
1317 5215 1407 5254 rerum
1421 5198 1541 5255 omniunt
1557 5200 1730 5257 mattileslttm
1743 5214 1849 5259 constat

208 5280 349 5337 divinitate
371 5280 582 5338 substantialiter
597 5282 788 5350 praedicentur,
801 5297 834 5337 an
858 5285 910 5338 alio
934 5299 996 5354 quo·
1054 5290 1207 5360 exordium,
1223 5292 1248 5344 id
1265 5300 1307 5346 est
1327 5292 1361 5345 ab
1377 5293 1440 5360 ipsis
1452 5291 1592 5348 catholicae
1613 5292 1675 5349 lldei
1692 5294 1850 5351 laudamen-

210 5371 274 5427 libet
297 5371 394 5437 modo;
418 5373 542 5446 viamque
565 5374 696 5444 indaginis
720 5373 782 5428 hine
803 5373 919 5429 ariritror
942 5391 1001 5432 csse
1055 5380 1097 5434 tis.
1115 5380 1143 5436 Si
1167 5383 1247 5452 igitur
1270 5382 1432 5452 interrogem
1453 5398 1486 5437 an
1511 5383 1555 5454 qni
1577 5384 1675 5440 dicitnr
1692 5385 1773 5443 Pater
1785 5389 1850 5445 snb-

245 5481 313 5539 'Eo
324 5491 457 5564 ‚tempore
482 5485 555 5541 Eccl.
583 5487 710 5569 llomanar
730 5486 893 5568 laconum,
910 5499 1002 5556 postea
1059 5506 1129 5546 mam
1141 5493 1253 5562 adeptus
1265 5503 1315 5549 εει.
1329 5495 1405 5550 Unde
1418 5497 1584 5567 antiquarius
1600 5499 1686 5556 boetii
1699 5502 1850 5571 exscriptor

209 5565 288 5615 roro,
305 5568 429 5609 nimirum
454 5570 526 5609 anno
540 5557 603 5622 525,
625 5557 745 5625 epttstlam
771 5558 942 5624 pnrtttlicetu;
957 5562 1001 5628 qni
1058 5563 1101 5629 (ea
1116 5565 1187 5617 euim
1211 5564 1342 5632 scriptura
1367 5566 1416 5620 luit
1435 5568 1558 5623 eornmd.
1577 5581 1633 5639 opt.
1654 5572 1801 5640 codicum),
1820 5584 1849 5629 nt

209 5630 350 5701 postquam
365 5626 519 5680 exoriente
531 5625 687 5682 Theoderici
703 5630 736 5681 aa
751 5628 884 5682 lustinum
901 5630 1002 5699 legatus
1059 5648 1120 5686 euru
1143 5632 1212 5694 ἰδίως
1225 5633 1391 5705 designaret,
1407 5647 1523 5691 sunctum
1542 5641 1705 5709 appellarit3
1721 5645 1849 5711 quemad-

208 5689 298 5752 redttt,
312 5693 446 5775 harenata·
459 5695 493 5750 ab
510 5696 689 5777 ‘concustodita
710 5698 832 5756 traditus.
849 5701 1002 5767 paulopost
1056 5703 1163 5757 trandum
1184 5713 1212 5757 ει
1227 5705 1385 5760 annastasius
1409 5707 1629 5765 bibliothecarius
1648 5710 1675 5765 iu
1694 5717 1753 5781 ojus
1770 5714 1846 5768 llita:

209 5756 325 5815 emicunt
348 5762 480 5830 Bttcttum,
495 5765 611 5819 similem
626 5766 660 5818 oh
673 5781 796 5832 causam,
813 5767 924 5822 sitatibus
945 5770 1001 5838 pal·
1056 5781 1146 5842 qttcrn,
1162 5784 1189 5830 ut
1205 5774 1291 5829 obiter
1306 5789 1441 5845 moneam,
1456 5779 1482 5833 itt
1500 5778 1559 5834 vita
1575 5781 1659 5837 boetii
1672 5783 1849 5840 emendantes
