3946 6186
161 277 228 332 talu

775 271 829 326 st.
850 269 952 324 iithL.
972 267 1046 322 SEV.
1068 268 1176 324 uestit

1722 271 1794 326 tien

160 406 243 459 nero,
268 392 325 446 lans
347 388 489 458 Scipionis,
518 388 568 442 sub
586 386 825 442 demonstrativum
839 383 1085 451 cadunt.tlprior·,
1109 382 1256 449 rhetorica,
1282 384 1408 448 secunda,
1433 384 1572 440 dialectica
1596 396 1791 453 nuncupator:
1823 450 1827 458 ¹

195 484 221 537 3.
244 482 353 538 Materia
368 496 430 534 sero
457 480 535 548 trojus
561 479 694 535 [acuitatis
716 486 758 534 est
780 477 867 533 omnis
889 476 949 547 qui·

159 575 219 628 dent
233 586 277 628 res
297 571 429 641 proposita
446 570 477 624 ad
493 570 656 636 dictionem;
673 569 728 624 iere
749 578 838 625 autem
859 568 948 623 civilis

158 665 279 734 quaestio.
293 662 322 717 lu
336 661 405 717 banc
426 663 529 732 species
543 677 557 713 a
570 661 706 717 rhetorica
720 661 856 719 vestientes
870 661 947 728 ‹qtrasi

158 754 280 827 quedam
293 754 386 809 iormce
400 755 509 824 capiunt
522 753 573 808 sibi
597 754 746 816 materiam,
768 760 797 806 et
809 751 948 821 tripliciter

158 844 329 901 informatam
345 853 436 899 teuent
451 846 545 914 ligura,
570 843 640 913 quod
663 843 794 912 posterius
817 842 947 913 liquebit:

158 945 187 990 ιιι
206 936 296 990 ciuilis
322 935 434 1003 quaestio
457 950 518 1004 quaa
547 936 633 989 adbnc
656 934 776 994 intormis
799 935 946 991 secundnm

157 1030 261 1096 species
276 1035 343 1090 erat,
365 1028 411 1081 liat
432 1035 542 1094 accepto
556 1026 609 1081 line
632 1026 774 1096 urticuiqne
796 1028 946 1095 specierum

157 1120 298 1177 rhetorica
317 1118 447 1190 subiecta.
465 1117 499 1172 Ut
525 1119 645 1172 in'ormis
665 1119 753 1172 aditnc
771 1119 859 1173 ciuilis
874 1134 947 1186 qnae·

157 1212 219 1276 stin,
233 1226 294 1265 curu
313 1212 447 1279 acceperit
458 1225 489 1264 es
503 1208 624 1279 judiciali
639 1209 717 1264 fiunem
740 1211 814 1280 justi,
830 1210 875 1264 irat
890 1212 949 1280 ipsa

91 1358 96 1372 ,
158 1304 244 1358 civilis
261 1302 374 1372 quaestio
398 1302 423 1355 in
444 1302 564 1371 judiciali
584 1318 682 1371 genere
700 1303 854 1357 constituta.
880 1302 946 1358 Cum

158 1410 221 1453 nero
236 1412 269 1449 ex
281 1394 454 1450 deliberativo
472 1398 617 1463 sumpserit
642 1396 705 1450 utile
730 1395 774 1450 vel
795 1399 947 1461 honestum,

159 1500 222 1544 tuuc
237 1488 281 1541 liat
303 1488 360 1557 ipsa
384 1488 470 1555 ciuilis
492 1489 606 1554 questio
621 1487 647 1540 in
667 1486 843 1544 deliberativo
855 1502 949 1543 cansa-

160 1595 219 1635 rum
233 1594 333 1652 genere
358 1582 511 1634 constituta.
532 1580 559 1635 Si
583 1595 646 1633 uero
667 1595 701 1636 ex
720 1580 948 1638 demonstratione

999 488 1057 542 qnae
1073 473 1122 528 iane
1149 473 1285 540 superiore
1298 475 1396 541 diiiert,
1413 476 1613 546 primumquod
1635 478 1680 531 illa
1695 479 1794 534 civiles

998 565 1140 628 ὑποθέσεις,
1160 565 1216 618 baec
1232 575 1244 601 ⁸
1259 568 1338 630 θέσεις
1353 566 1525 631 considerat;
1546 567 1643 622 debinc
1657 568 1729 638 quud
1744 569 1793 624 iila

998 654 1123 709 continua
1135 653 1266 720 oratioue,
1280 653 1360 709 irael
1376 656 1499 709 intercisa
1511 658 1664 725 perannum
1677 665 1704 710 et
1717 659 1793 726 quod

999 745 1132 800 rhetorica
1146 747 1231 800 oratio
1245 746 1323 803 ltabet
1340 758 1435 815 prater
1458 748 1640 801 aduersarium
1654 748 1792 817 jndicem,

998 835 1136 894 dialectica
1146 854 1211 892 nero
1222 837 1316 893 eodem
1325 823 1414 906 jndice
1425 854 1478 908 qno
1487 839 1644 895 adversario
1653 843 1751 897 uititnr
1766 853 1791 897 ε.

1035 929 1061 982 1.
1077 929 1138 983 lime
1153 929 1232 999 igitur
1246 930 1481 984 rhetorica-oratio
1504 932 1585 986 inaltet
1607 943 1698 1002 partes
1720 950 1792 988 sex:

998 1026 1157 1096 ptooeminm
1171 1066 1178 1091 ,
1193 1025 1264 1095 quud
1277 1025 1418 1080 exordium
1433 1037 1494 1092 est;
1512 1030 1712 1092 narrationem,
1727 1044 1793 1097 par-

999 1117 1137 1180 titionem,
1160 1117 1409 1181 conilrmatinneut,
1430 1117 1687 1186 reprehensionem,
1708 1134 1792 1187 pero-

1000 1208 1130 1265 rationem
1145 1225 1151 1261 :
1168 1221 1228 1276 quar
1243 1215 1333 1275 partes
1349 1208 1519 1262 instrumenti
1541 1209 1685 1263 rhetorica
1706 1208 1792 1263 lacni·

999 1299 1075 1366 tatis,
1092 1298 1219 1371 qnoniam
1237 1298 1370 1353 rhetorica
1386 1299 1412 1353 iu
1428 1298 1552 1354 omnibns
1572 1300 1629 1352 sois
1648 1300 1792 1368 speciebus

999 1393 1086 1457 inest,
1101 1393 1203 1448 eisdem
1218 1390 1232 1429 ⁴¹
1247 1393 1370 1458 inerunt;
1386 1407 1434 1446 uec
1456 1393 1544 1459 potins
1564 1393 1687 1456 inerunt,
1708 1408 1790 1459 qnam

1000 1488 1103 1541 bisdem
1119 1502 1178 1555 quar
1193 1496 1321 1555 peragunt
1341 1486 1577 1541 administrabunt.
1601 1485 1695 1554 ltaque
1715 1495 1743 1540 et
1763 1485 1790 1538 in

998 1578 1117 1651 judiciali
1128 1593 1229 1649 genere
1243 1593 1384 1633 causarum
1393 1578 1612 1635 necessarioscst
1622 1577 1690 1631 ordo
1700 1592 1790 1646 prete

159 1675 301 1743 sumpserit
312 1674 422 1737 bonnm,
439 1684 499 1727 trrnc
515 1674 720 1730 demonstrativa
739 1673 948 1743 iitcitiiisqnae·
1000 1670 1045 1726 rnii
1060 1681 1087 1725 et
1111 1671 1272 1727 narrationis
1293 1678 1374 1738 atque
1395 1679 1572 1734 caeterorum,
1594 1683 1654 1738 quae
1669 1678 1681 1706 ⁰
1697 1670 1722 1722 in
1743 1671 1790 1724 tie·

157 1765 219 1820 stin.
231 1764 345 1818 l'eniunt
355 1775 442 1819 autem
453 1766 480 1819 in
491 1765 737 1834 materiamspecies
751 1780 785 1821 ex
801 1766 947 1821 ritetorca:
963 1746 986 1806 Β
1000 1761 1175 1815 monstrativa
1195 1760 1422 1829 deliberativoque
1445 1761 1599 1816 necessaria
1623 1773 1696 1815 sunt.
1715 1763 1790 1831 tipus

158 1856 229 1925 qnod
244 1857 321 1912 aliter
342 1861 367 1910 in
385 1858 494 1912 materia
509 1872 555 1911 sua
570 1855 694 1928 qnalibet
710 1857 822 1913 incultas
834 1873 887 1912 nou
902 1875 948 1928 pu.
998 1862 1088 1908 antem
1103 1852 1244 1908 rhetorice
1259 1853 1393 1906 incoltatis
1411 1856 1505 1907 docere
1525 1861 1554 1906 et
1573 1867 1700 1907 monere:
1717 1854 1789 1922 quud

159 1959 212 2005 test
223 1951 338 2021 operari,
355 1965 433 2022 qoam
449 1951 471 2003 si
485 1966 547 2011 snas
565 1952 690 2009 aditibeat
705 1961 794 2022 partes
809 1971 816 2006 ι
832 1955 950 2011 absenti.
1000 1945 1172 2001 nibilominus
1195 1943 1301 2000 bisdem
1326 1943 1382 1999 iere
1403 1959 1451 1998 set
1474 1944 1680 2009 instrumentis,
1702 1944 1727 1999 id
1746 1954 1788 1999 est

160 2041 211 2097 bus
223 2042 295 2096 euim
305 2044 472 2098 currictissuis
486 2044 616 2112 partibus,
630 2046 763 2106 rhetorica
777 2045 833 2116 ipsa
843 2062 949 2117 qnoque
999 2039 1129 2095 orationis
1143 2038 1275 2108 partibus,
1289 2036 1501 2092 administrator.
1515 2037 1609 2091 Partes
1621 2049 1711 2094 antem
1725 2038 1788 2094 rbe-

158 2143 202 2188 est
213 2135 320 2191 absens.
1000 2131 1111 2198 toricae,
1125 2130 1251 2199 quoniam
1267 2137 1358 2199 partes
1378 2138 1440 2181 sruu
1460 2127 1612 2194 facultatis,
1635 2131 1700 2198 ipsae
1719 2146 1787 2200 qou-

196 2229 223 2282 t.
243 2226 295 2283 Sed
310 2229 435 2297 qnoniam
451 2229 485 2285 de
499 2231 637 2297 speciebus
659 2231 814 2290 dictumest
835 2231 949 2292 rhetori.
998 2238 1050 2294 qne
1065 2233 1127 2277 sunu
1142 2222 1291 2279 lacoltates.
1313 2220 1443 2288 Quocirca
1458 2220 1523 2288 lpse
1536 2235 1644 2292 qouque
1656 2221 1787 2276 orationis

160 2331 217 2383 cte,
233 2320 367 2388 quomodo
387 2329 449 2375 suru
472 2336 570 2392 genera
596 2337 747 2385 cansarum,
775 2324 811 2380 ita
836 2333 898 2381 sunt
921 2335 949 2380 ur
999 2316 1121 2385 partibus
1149 2314 1225 2383 quasi
1252 2314 1440 2368 instrumentis
1467 2322 1577 2368 utentur
1603 2313 1630 2369 in
1659 2326 1781 2383 partem,

159 2409 458 2476 omniumueqotiornm
481 2427 541 2478 qnae
565 2413 593 2468 in
618 2414 690 2467 cirili
714 2413 821 2484 negotio
847 2415 948 2471 eonsti-
1000 2417 1081 2476 atque
1095 2415 1124 2463 ut
1138 2407 1181 2464 iris
1196 2416 1353 2473 operentur,
1375 2406 1476 2460 eisdem
1500 2405 1615 2463 irtetnot.
1640 2404 1705 2458 Natu
1729 2405 1781 2458 nisi

161 2507 217 2553 tuta
232 2498 461 2554 suntiniormata.
482 2501 840 2573 nunejustojuticialesu
853 2520 948 2575 genos.
999 2501 1088 2555 adsint
1112 2497 1122 2536 ¹
1146 2499 1281 2569 predictae
1304 2499 1445 2551 ritetoricaa
1468 2511 1573 2565 partes,
1596 2507 1624 2550 ot
1644 2497 1780 2560 inueniat,

161 2589 430 2662 timuiumreroquae
443 2596 587 2651 constituta
605 2596 632 2651 iu
654 2596 725 2652 cirili
740 2597 886 2665 quaestione
902 2596 950 2655 ito·
998 2592 1153 2662 eloquatur,
1179 2590 1319 2658 disponat,
1346 2591 1519 2651 tuentinerit,
1546 2590 1716 2657 pronuntiet,
1744 2589 1784 2640 nii

162 2691 268 2736 nestum
280 2684 323 2738 vel
336 2684 428 2739 utitem
444 2686 524 2740 istem
539 2697 676 2755 ceperunt,
693 2688 897 2746 deliberativum
914 2688 950 2744 sit
1000 2694 1061 2755 aqat
1074 2694 1175 2744 orator.
1192 2684 1349 2753 Eodemque
1364 2683 1443 2737 ruodo
1457 2696 1498 2736 ete
1513 2691 1525 2730 ι
1541 2697 1601 2751 que
1624 2680 1679 2737 iere
1697 2696 1787 2750 partes

160 2787 245 2842 qenns
260 2790 267 2827 :
283 2775 456 2846 omniumque
477 2793 536 2847 quar
560 2780 587 2833 in
609 2779 680 2834 civili
703 2783 787 2850 posita
802 2783 949 2852 quaestione
1003 2777 1198 2838 instrumenti,
1214 2777 1265 2828 nisi
1286 2775 1401 2829 babeant
1419 2788 1513 2829 omues
1532 2773 1664 2827 orationis
1677 2781 1786 2837 partes,

162 2863 241 2917 duent
256 2862 369 2930 hettesti,
383 2867 458 2936 justi,
471 2869 567 2925 bonive
589 2882 770 2941 sumpserunt,
785 2875 821 2930 sit
837 2875 950 2933 demon·
1001 2870 1177 2926 trustrasuut.
1187 2867 1270 2938 liujus
1280 2879 1367 2923 antem
1378 2865 1787 2928 iacuitausetlectororaturest,

161 2953 300 3008 strativum
315 2971 407 3024 qenais.
426 2957 477 3013 Sed
489 2958 521 3013 de
537 2959 577 3012 iris
593 2961 730 3017 lractenos.
1000 2965 1077 3035 cnjus
1096 2975 1139 3018 est
1158 2963 1273 3017 niircinm
1293 2959 1554 3030 dicereappnsitead
1575 2961 1788 3026 persuasionem.

199 3046 226 3100 5.
246 3043 321 3100 lianc
337 3045 371 3101 de
395 3049 513 3116 partibus
534 3050 674 3105 rhetoricae
687 3051 878 3121 prouidendum
896 3061 947 3108 est.
1039 3058 1065 3111 8.
1079 3056 1154 3110 Finis
1166 3067 1219 3108 torn
1230 3054 1257 3110 in
1271 3056 1337 3122 ipso,
1351 3065 1406 3109 turn
1418 3053 1443 3106 in
1454 3052 1549 3106 alteru.
1560 3051 1588 3104 lu
1599 3052 1657 3119 ipso
1668 3051 1789 3119 quidem,

162 3135 254 3192 Partes
267 3139 337 3192 enirn
354 3138 493 3193 ritetoricae
508 3152 570 3193 sunt
589 3141 722 3210 quiuque;
748 3143 876 3207 inventio,
891 3142 946 3196 dis·
1002 3160 1032 3204 ut
1046 3149 1115 3202 bene
1130 3147 1247 3211 duxissa,
1263 3143 1290 3199 jd
1304 3156 1344 3199 esa
1359 3144 1459 3199 duxisse
1480 3141 1601 3210 apposite
1625 3140 1657 3193 ad
1679 3155 1790 3207 pem.

163 3228 271 3295 pusitio,
286 3229 414 3291 elocutio,
431 3231 570 3299 memoria,
592 3233 780 3299 pronuntiatio.
797 3234 889 3289 Partes
901 3249 947 3287 att·
998 3240 1123 3303 sionem;
1140 3237 1166 3292 io
1181 3237 1269 3291 altero
1284 3248 1365 3299 uero,
1382 3232 1557 3303 persuasisse.
1571 3231 1664 3300 Neque
1678 3233 1752 3287 euim
1767 3235 1790 3286 si

162 3326 216 3370 tetu
231 3328 358 3372 vncarttur
380 3320 488 3388 idcirco,
514 3322 611 3387 quiesi
635 3323 698 3392 qnid
719 3322 813 3376 barrum
833 3323 949 3378 deiceris
998 3345 1049 3401 qua
1065 3331 1209 3401 impediant
1220 3339 1355 3383 aratorem
1370 3325 1511 3396 quominus
1527 3324 1705 3393 persuadeat,
1719 3325 1790 3378 lacte

161 3408 273 3470 oratori,
288 3409 441 3475 irnpertecta
457 3410 567 3465 iacottas
581 3422 631 3466 est.
646 3413 733 3483 litque
746 3414 807 3470 ideo
821 3430 880 3484 qnae
892 3415 948 3489 uui·

162 3495 239 3551 tersa
250 3496 366 3551 iormant
378 3500 521 3552 oratoriam
536 3499 699 3564 facultatem,
715 3518 744 3555 ea
760 3516 849 3571 partes
867 3501 950 3554 lacni-

163 3589 226 3641 tatis
246 3588 303 3658 ejus
316 3588 415 3651 dicere,
430 3588 495 3640 nibil
510 3588 653 3644 absurdntn
669 3601 720 3645 est.
737 3591 788 3645 Sed
804 3593 845 3645 bae
861 3599 949 3658 partes

161 3679 288 3747 queniam
309 3678 447 3732 riretoricae
463 3677 596 3733 facultatis
611 3689 682 3744 suut,
699 3690 835 3749 totamque
857 3683 949 3737 ritetn·

162 3768 245 3824 ricam
261 3767 411 3823 facultatem
426 3780 598 3837 componunt,
617 3786 727 3827 necesse
744 3783 786 3830 est
805 3777 848 3830 ariri
871 3778 950 3833 inerit

163 3859 305 3923 rhetorica,
323 3859 387 3929 ipsae
405 3877 510 3931 quoqne
524 3864 732 3933 subsequantur.
742 3869 777 3922 At
796 3878 838 3924 est
853 3870 949 3927 rheto-

163 3952 218 4005 rica
234 3951 260 4004 in
283 3953 396 4021 propriis
433 3955 573 4021 speciebus
603 3956 724 4028 integra:
745 3975 842 4017 omues
868 3964 951 4034 igitur

162 4041 303 4096 rhetoricae
317 4054 404 4110 partes
419 4042 525 4098 inerunt
544 4047 686 4104 ritetorieae
707 4053 860 4118 speciebus.
875 4057 949 4123 Qtao-

160 4137 232 4191 circa
247 4139 326 4191 etiam
351 4136 392 4191 itis
404 4139 526 4195 civilibus
547 4142 659 4211 neqntiis
680 4148 823 4201 tractandis
837 4149 948 4207 adbibe-

161 4228 271 4294 buntor‚
284 4243 369 4296 quaen
383 4232 542 4299 supradictis
554 4233 694 4290 tinctoricae
712 4239 852 4306 speciebus
865 4242 952 4297 iuiur·

162 4328 280 4373 tuantur.
293 4317 380 4388 AEqoe
393 4321 471 4389 igitur
484 4322 510 4376 iu
519 4322 638 4391 judiciali
647 4328 755 4395 negotio
769 4339 796 4384 et
809 4330 834 4383 in
846 4329 949 4386 delibe-

161 4411 249 4465 ratim
259 4422 286 4465 ct
300 4412 326 4465 iu
342 4412 561 4475 demonstrativo,
584 4415 711 4485 intentio,
725 4418 878 4486 dispositio,
895 4424 951 4478 eio-

159 4503 244 4563 eotio.
260 4501 398 4566 memoria,
413 4504 656 4574 pronuntiatioque,
672 4509 843 4565 conueniunt.

200 4595 226 4648 ii.
247 4593 377 4658 Quoniam
391 4609 455 4650 tero
466 4597 552 4650 omnis
568 4593 624 4651 iere
637 4596 749 4653 incultas
769 4599 948 4660 irrstmmcntc

161 4683 245 4738 utitur
257 4683 290 4737 ad
306 4682 456 4741 iaciendum
473 4688 542 4757 qunti
564 4699 661 4757 potest,
675 4691 728 4746 erit
747 4691 827 4761 igitur
850 4694 950 4764 aliquid

163 4776 379 4831 instrumentum.
403 4776 458 4830 lloc
474 4795 539 4832 sero
560 4791 601 4835 est
615 4781 711 4847 matio,
732 4798 791 4849 quae
807 4787 903 4852 partim
921 4787 950 4842 in

159 4870 232 4925 cirili
243 4885 342 4940 genere
356 4879 486 4938 versatur,
503 4873 599 4939 partim
612 4873 732 4929 minime.
755 4875 792 4930 be
809 4892 839 4932 ca
860 4892 950 4936 autern

161 4962 283 5016 oratione
301 4962 443 5030 loquimur,
459 4976 518 5030 quae
536 4963 614 5019 inaltet
628 4966 744 5035 aliquam
758 4970 947 5036 quaestionem,

162 5052 206 5106 rel
227 5066 288 5120 quae
309 5052 340 5105 ad
356 5053 434 5107 linem
459 5051 630 5119 expedienda
653 5057 808 5124 quaestionis
840 5073 948 5113 accom-

163 5142 296 5196 modatur.
312 5145 347 5197 lla
363 5159 426 5216 erqo
439 5142 536 5208 oratio,
549 5160 608 5213 quae
618 5146 645 5200 iu
659 5145 731 5201 civili
745 5163 846 5216 genere
860 5163 950 5205 versa·

162 5242 215 5298 tor,
226 5234 351 5288 continue
365 5234 483 5289 decurrit
495 5249 503 5300 ;
527 5247 558 5288 ea
572 5250 631 5304 qnae
646 5252 699 5291 nort
713 5239 763 5292 'est
787 5239 812 5293 in
825 5238 950 5294 ciuilibus

160 5325 260 5388 causis,
275 5325 482 5396 interrogatione
493 5336 520 5381 et
529 5328 703 5396 responsione
718 5330 876 5394 explicatur.
894 5334 946 5391 Sed

119 5459 120 5462 ¹
199 5437 387 5504 *Cod.,iiiu.

197 5506 381 5571 beatiano.

198 5587 211 5614 2
229 5576 299 5631 Nntn
315 5593 363 5645 pre
378 5580 477 5634 utitur?

197 5645 211 5682 ⁸¹
234 5649 268 5698 ita
283 5649 343 5702 cod.
361 5652 395 5702 At
408 5649 492 5717 inira,
508 5652 617 5706 triadem.

197 5722 213 5752 0
231 5714 308 5780 eod..
324 5724 347 5770 et
361 5733 409 5786 pro
422 5733 488 5786 quse.

999 3422 1104 3488 oibcio,
1119 3421 1181 3474 irnis
1201 3436 1255 3475 nou
1274 3429 1316 3474 est
1335 3425 1504 3472 consecutus.
1527 3416 1580 3471 Sed
1592 3417 1615 3469 is
1634 3416 1679 3483 qni
1700 3415 1790 3470 silicie

1000 3516 1106 3585 quidem
1118 3513 1167 3567 init
1179 3515 1319 3581 contignus
1332 3518 1359 3566 et
1372 3518 1510 3579 cognatus,
1523 3507 1707 3578 consequitur,
1720 3507 1790 3562 iacto

1001 3605 1092 3660 nilicio
1107 3621 1113 3667 ;
1129 3605 1152 3658 is
1166 3618 1231 3658 tero
1245 3604 1289 3672 qui
1304 3613 1378 3662 entra
1399 3611 1460 3669 est,
1480 3616 1551 3669 rapte
1572 3616 1626 3654 nott
1647 3601 1790 3666 consequi-

1000 3705 1054 3750 tur.
1075 3695 1167 3764 Neque
1191 3703 1280 3748 tamen
1308 3692 1470 3749 rhetoricum
1490 3707 1539 3745 suo
1560 3691 1612 3744 uae
1634 3700 1787 3745 contentam

1001 3787 1104 3841 honore
1125 3785 1259 3841 vactrabit.
1284 3784 1346 3838 ilaec
1368 3784 1475 3854 quidem
1498 3783 1532 3836 ita
1555 3793 1618 3836 sont
1637 3784 1735 3846 mixta,
1758 3791 1786 3834 nt

1001 3877 1135 3934 rhetorica
1150 3875 1215 3931 insit
1234 3875 1391 3944 speciebus,
1415 3873 1517 3941 species
1537 3887 1601 3926 reru
1622 3872 1706 3926 insint
1725 3871 1788 3925 rbe-

1002 3973 1093 4026 toricae
1107 3966 1133 4024 δ.
1150 3967 1296 4027 Causarum
1310 3977 1397 4026 autem
1415 3977 1502 4033 partes
1516 3973 1600 4018 status
1620 3978 1680 4018 esse
1694 3965 1788 4018 dicun·

1002 4072 1057 4127 tur,
1081 4061 1115 4116 de
1139 4061 1233 4129 quibus
1254 4058 1308 4112 boc
1331 4058 1409 4110 modu
1429 4045 1622 4123 dispiciendum
1642 4066 1692 4109 est.
1714 4056 1788 4120 Qun-

1001 4151 1082 4209 ntttdo
1103 4150 1178 4206 enirn
1202 4157 1291 4217 partes
1314 4162 1374 4201 esse
1393 4147 1559 4216 potabuntur
1580 4160 1682 4204 causae.
1704 4146 1727 4198 si
1751 4146 1786 4199 ita

1002 4253 1091 4314 partes
1106 4252 1133 4296 ut
1148 4241 1271 4310 speciest
1286 4239 1421 4308 quomodo
1437 4238 1493 4291 lieri
1510 4247 1610 4306 potest,
1631 4245 1660 4289 nt
1683 4236 1708 4288 in
1730 4252 1782 4288 tuna

999 4349 1081 4391 causa
1097 4334 1189 4402 piures
1202 4332 1408 4386 ‹soustitntiuncs
1421 4330 1495 4383 siut?
1516 4345 1577 4384 uam
1597 4329 1699 4398 speeies
1720 4330 1786 4381 sibi-

1003 4436 1059 4483 met
1074 4423 1252 4493 impermixtae
1266 4431 1339 4477 sont.
1355 4424 1390 4474 nt
1402 4420 1512 4475 veniunt
1532 4422 1557 4474 in
1577 4435 1685 4475 causant
1705 4420 1787 4489 plori-

1003 4534 1055 4574 mae
1076 4517 1301 4573 constitutiones:
1327 4530 1379 4569 aron
1400 4525 1462 4569 sunt
1483 4517 1562 4584 igitur
1585 4525 1674 4584 partes
1695 4529 1787 4569 causa-

1002 4626 1083 4676 rum,
1099 4609 1172 4666 reiut
1184 4607 1288 4679 specics
1303 4616 1397 4662 statos.
1414 4606 1481 4661 lilnd
1500 4621 1605 4675 quoqne
1625 4607 1696 4674 quod
1716 4605 1787 4658 nulia

1001 4704 1104 4775 speeies
1125 4702 1207 4764 aliam
1225 4702 1276 4759 sibi
1295 4701 1446 4770 oppositam
1468 4701 1584 4768 speciem
1607 4698 1640 4753 ad
1661 4699 1786 4753 substau-

1001 4800 1067 4856 titm
1084 4797 1169 4867 jurat.
1187 4796 1348 4851 corastinuto
1368 4806 1433 4847 vero
1452 4791 1668 4846 constitutionem
1691 4792 1787 4844 cuniis·

1002 4902 1059 4947 ntat
1072 4891 1105 4945 ad
1121 4890 1211 4946 iidem.
1226 4888 1281 4942 ileo
1295 4900 1360 4942 uero
1373 4884 1431 4939 lieri
1447 4893 1534 4952 potest
1549 4893 1577 4938 ot
1597 4882 1633 4936 ita
1654 4882 1708 4936 siut
1726 4895 1787 4934 cao·

1003 4994 1092 5035 sarum
1105 4980 1179 5050 qnasi
1194 4976 1274 5032 totius
1288 4986 1386 5044 partes.
1400 4975 1506 5030 Nullum
1521 4975 1591 5029 enim
1608 4973 1785 5042 compositum

1000 5083 1034 5125 eat
1051 5085 1104 5126 una
1124 5079 1197 5139 parte
1217 5079 1299 5123 totum
1318 5079 1397 5138 atque
1413 5070 1544 5138 integrum
1558 5080 1619 5122 esse
1633 5073 1732 5136 potest.
1752 5063 1787 5117 lt

1002 5159 1029 5213 iu
1049 5175 1130 5214 canusa
1155 5159 1165 5199 ί
1190 5160 1344 5215 constitutio
1366 5174 1419 5214 uua
1441 5161 1538 5215 idonea
1560 5168 1603 5215 est
1623 5157 1787 5213 constituere

1002 5264 1122 5305 cauum.

1038 5343 1064 5397 9.
1085 5342 1153 5410 Qud
1172 5343 1253 5413 iqitur
1271 5353 1312 5398 est
1330 5342 1497 5398 dicendum?
1516 5342 1593 5397 Patet
1612 5341 1656 5396 tia
1677 5339 1786 5396 rationi.

1039 5456 1050 5495 ¹
1068 5458 1148 5523 (iod,
1164 5473 1223 5510 nam
1235 5458 1262 5509 in
1276 5456 1386 5509 exordiis
1401 5455 1462 5509 siut.

1037 5536 1050 5575 ⁸
1068 5528 1146 5591 eod..
1162 5543 1259 5582 eurum.

1035 5594 1050 5635 ¹¹
1069 5599 1148 5653 Deest
1161 5598 1187 5650 in
1200 5597 1262 5653 cod.
1275 5597 1419 5652 ritsteriroe.

1038 5668 1047 5709 ¹
1069 5669 1148 5736 Coti„
1162 5683 1276 5723 rattruut.
