3946 6186
255 320 308 407 sa's
865 322 1270 423 amministramus
1830 330 1885 404 ,μ’

254 476 381 520 numerus
405 455 616 532 propositionum
643 455 785 525 existeret,
799 458 821 513 si
837 456 926 513 inesse
942 454 1043 528 signiii·
1057 454 1173 520 Auibus
1180 453 1272 508 talium
1287 463 1377 524 partes
1386 454 1604 527 syllogismorum
1617 459 1787 530 appellemur
1797 470 1887 520 osten·

253 562 346 610 cantes
369 556 398 606 st
420 548 588 606 necessarias
608 555 636 603 et
656 548 842 619 contingentes
867 544 1042 603 alllrmatiras
1095 546 1173 605 dero.
1188 546 1320 615 Quoniam
1334 547 1407 603 enirn
1426 550 1515 605 omnis
1529 550 1701 623 syllogismus
1727 569 1760 610 ει
1787 571 1887 626 propo·

253 643 443 718 negativasque
458 640 655 712 propositiones
670 654 718 709 per
733 638 900 695 universales
913 645 941 694 et
955 636 1041 708 parti·
1093 637 1235 693 unionibus
1256 637 1374 704 texitur,
1398 639 1483 709 prima
1504 641 1546 697 uel
1570 643 1727 713 propositio,
1749 647 1791 702 uei
1814 660 1887 702 sum·

254 737 370 800 salares,
391 733 434 790 vel
449 731 597 803 oppositas,
611 731 653 787 sel
669 730 840 788 subalternas
855 730 1041 798 uariariemusy
1093 738 1167 803 ptum
1196 736 1323 796 uocatur3
1350 731 1467 786 secunda
1481 746 1544 787 tero
1554 731 1653 789 dicitur
1664 738 1828 808 assumptio:
1852 755 1885 794 er

254 820 301 883 sed
315 827 343 883 id
366 841 419 881 non
445 825 589 890 convenit,
612 822 674 895 quia
688 821 909 879 conditionalium
935 822 1042 878 termini
1093 812 1136 876 itis
1168 834 1228 892 quae
1260 818 1394 888 iulertur,
1428 823 1565 880 conclusio
1599 838 1781 898 nuncupatur.
1817 829 1885 886 Cum

253 916 467 990 propositionum
494 915 598 972 inlinito
622 910 736 970 maxime
759 914 930 970 enuntiantur
949 914 1038 969 modo.
1092 908 1166 967 enirn
1184 910 1221 965 lta
1241 906 1370 976 dicimus,
1386 909 1410 968 si
1434 910 1580 981 lromoest,
1608 915 1708 972 animal
1734 930 1787 987 εει,
1805 919 1887 975 bomo

255 1010 341 1082 Atque
362 1009 423 1066 ideo
445 1006 641 1077 superuacuum
662 1004 781 1077 judicavi
804 1002 1042 1063 determinatarum
1093 1011 1183 1058 summ
1193 1002 1368 1071 est,·animal
1388 1000 1532 1073 igiturest,
1548 1020 1580 1060 ea
1595 1005 1704 1077 quidem
1729 1010 1884 1066 enuntiatio

254 1098 401 1158 secundnm
416 1098 592 1171 quantitatem
606 1094 820 1169 propositionum
835 1088 957 1168 quaerere
967 1088 1043 1151 mul'·
1093 1106 1144 1162 per
1163 1105 1242 1162 quam
1256 1084 1381 1159 dicimus,
1396 1092 1418 1147 si
1434 1093 1515 1151 borno
1537 1105 1591 1163 εει,
1606 1100 1706 1154 animal
1729 1111 1792 1166 est,
1818 1116 1887 1173 pro·

254 1193 416 1259 titudinem,
437 1208 498 1250 eum
522 1192 700 1249 determinate
719 1182 914 1245 conditionales
929 1186 1044 1258 proponi
1094 1180 1191 1254 positio
1217 1182 1260 1237 rel
1282 1182 1417 1252 sumptum
1442 1194 1564 1253 coeatur,
1581 1203 1612 1243 ea
1626 1204 1691 1245 sero
1716 1206 1794 1261 qnam
1820 1191 1888 1248 truie

253 1300 308 1344 110„
320 1285 439 1349 ⁸012an
456 1282 512 1338 iero
533 1292 621 1339 antean
646 1278 826 1353 hypothetice
846 1276 1045 1350 propositiones
1095 1271 1278 1343 adjunximus,
1292 1279 1336 1329 est
1347 1280 1436 1328 sutem
1448 1274 1540 1343 bomo,
1549 1280 1696 1349 assumptio
1707 1272 1818 1346 dicitur,
1829 1287 1888 1335 ter·

254 1390 305 1431 nec
329 1390 376 1444 per
400 1371 587 1429 necessitatem
611 1369 717 1441 quidem
741 1369 784 1424 uel
813 1370 861 1440 pe'r
885 1362 1044 1437 contingetis
1095 1360 1132 1418 ti'a
1147 1363 1286 1419 conclusio
1299 1363 1462 1432 nominatur,
1481 1379 1531 1441 per
1544 1381 1624 1437 quam
1639 1368 1805 1423 ostendimus
1824 1384 1887 1430 esse

255 1458 443 1531 enutrtiantur,
458 1464 505 1520 sed
522 1462 575 1518 illae
587 1461 702 1517 maxime
713 1462 739 1515 in
762 1474 840 1515 usum
855 1454 1044 1515 collocutionis
1097 1452 1197 1509 aninml
1210 1448 1255 1522 qiai
1270 1450 1351 1510 luerit
1362 1453 1453 1510 bomo.
1477 1454 1530 1511 Sed
1554 1458 1679 1528 quoniam
1703 1476 1776 1530 sape
1795 1458 1886 1520 evenit

254 1558 399 1624 ducuntur,
411 1570 470 1627 qma
481 1555 569 1610 inesse
583 1550 746 1625 significant.
757 1552 858 1609 omues
872 1564 936 1606 nero
952 1562 1045 1606 neccs-
1096 1544 1126 1600 ui
1136 1544 1327 1618 propositionis
1341 1544 1488 1601 enuntiate
1499 1544 1691 1619 consequentia
1716 1565 1769 1606 uon
1788 1552 1824 1607 sit
1836 1550 1884 1609 re·

254 1650 353 1704 sariam
367 1646 588 1715 consequentiam
604 1654 698 1700 tenere
711 1643 825 1711 rntnnnt,
840 1649 868 1698 et
880 1656 940 1713 quas
955 1639 1045 1697 inesse
1095 1633 1228 1701 munitis,
1244 1630 1429 1708 propositioni
1449 1644 1521 1707 taepe
1543 1637 1696 1710 adjungitur
1715 1636 1883 1716 approbatio,

253 1740 422 1812 significant,
444 1738 582 1808 atquibus
604 1737 750 1792 necessitas
765 1734 882 1800 additur,
905 1741 933 1790 et
946 1731 1044 1804 quibas
1095 1741 1145 1796 per
1160 1742 1240 1798 quam
1255 1727 1281 1783 id
1293 1728 1365 1799 quod
1378 1737 1421 1785 est
1435 1730 1601 1801 propositum
1610 1726 1708 1825 yertitn
1723 1748 1783 1791 esse
1804 1749 1884 1792 mou·

254 1831 409 1906 praedicatio
437 1828 621 1900 possibilitatis
644 1836 762 1898 aptatur,
788 1824 887 1882 eteulm
912 1824 1043 1880 terminiis
1057 1806 1082 1894 fy
1094 1828 1207 1877 stretur.
1223 1812 1379 1893 Assumptin
1388 1837 1495 1895 quoque
1505 1820 1578 1895 saepe
1588 1827 1621 1880 ad
1634 1820 1712 1882 iidem
1725 1812 1771 1899 per
1783 1842 1814 1884 se
1826 1825 1883 1887 nod

255 1923 414 1996 applicatur.
438 1920 588 1978 Necessitas
602 1934 667 1975 vero
681 1917 861 1989 bypotbetiete
883 1917 1044 1988 propositio·
1095 1910 1203 1968 ridetur
1213 1910 1321 1977 idonea,
1333 1910 1394 1970 buic
1408 1906 1517 1985 quoque
1526 1916 1651 1985 jurarneu
1663 1908 1824 1988 probationis
1834 1918 1883 1976 ad-

252 2016 338 2072 niset
360 2013 431 2070 ratio
455 2026 547 2068 earum
573 2010 785 2082 propositionum
808 2023 840 2065 es
864 2007 961 2077 quibus
979 2007 1042 2078 lun·
1093 2002 1226 2073 jungitur,
1252 2010 1282 2058 ut
1308 2010 1373 2060 vera
1395 2004 1682 2075 centimanumque
1708 2009 1738 2063 tit
1760 2018 1788 2063 ut
1811 2004 1885 2081 saepe

252 2113 352 2179 guntur
366 2104 437 2160 luter
449 2116 479 2160 se
487 2103 684 2169 connexiones,
704 2101 922 2171 consequentiam
936 2098 1041 2170 quaerit,
1095 2096 1213 2168 quinque
1231 2106 1330 2168 partes,
1345 2111 1418 2183 saepe
1430 2106 1556 2168 quatuor,
1571 2096 1705 2156 interdum
1727 2108 1782 2157 tres
1797 2100 1883 2174 luypo·-

254 2205 284 2252 ut
297 2210 357 2252 curn
373 2195 448 2251 dico:
458 2194 486 2251 sl
503 2194 628 2251 Socrates
639 2193 715 2248 sedet
726 2199 753 2246 ct
763 2192 837 2256 risit,
853 2206 940 2259 neque
950 2190 1044 2246 sedere
1097 2182 1210 2245 ibeticos
1221 2188 1392 2260 syllogismos
1403 2188 1503 2246 babere
1522 2184 1668 2262 contiiigat.
1683 2190 1750 2248 Nar'u
1765 2192 1884 2264 quinque

251 2300 325 2353 euru,
340 2302 427 2359 neque
436 2287 527 2343 virere
540 2299 650 2341 necesse
661 2295 719 2349 est;
735 2282 782 2337 sed
796 2281 820 2337 sl
835 2282 920 2349 sedet,
933 2294 1044 2338 necesse
1094 2281 1229 2336 constabit
1241 2278 1363 2350 partibus
1377 2281 1400 2334 si
1421 2290 1450 2337 et
1462 2274 1609 2361 prop'osiiio
1619 2284 1646 2335 ct
1658 2274 1806 2351 a's's'sur'bp'tio
1820 2284 1884 2353 pro*—

252 2388 295 2436 est
314 2379 415 2435 virere.
431 2376 497 2433 item
513 2394 574 2431 cunr
588 2375 717 2440 dicimus,
734 2372 775 2429 sol
798 2382 934 2438 irroretur,
950 2386 1043 2428 neces·
1095 2372 1247 2429 bationibus
1261 2368 1433 2443 iudigebuul;
1448 2366 1519 2445 quod
1535 2373 1558 2427 ,ι
1575 2371 1631 2428 εἰεε
1644 2370 1807 2443 propositio,
1823 2372 1883 2433 sind

252 2467 326 2525 sario
339 2468 413 2523 uenit
428 2468 460 2521 ad
476 2481 619 2534 occasum,
633 2464 797 2520 tantumdem
814 2464 945 2535 signiticat
960 2478 1045 2532 quau·
1095 2465 1243 2537 assumptio
1253 2462 1884 2538 probationeindigebit,quadri'partituses'tsyl-

252 2558 321 2625 'tum
337 2561 360 2614 si
384 2557 425 2613 sol
446 2564 579 2623 moretur,
599 2559 672 2610 veuit
685 2556 718 2609 ad
742 2568 875 2610 (recusum.
894 2554 1044 2608 Necessitas
1096 2556 1239 2629 logismus,
1252 2557 1360 2628 quodsi
1374 2569 1468 2614 neutra
1481 2566 1523 2614 εει
1536 2557 1718 2629 approbanda,
1734 2552 1884 2631 iiipartims

252 2652 325 2706 enlm
349 2650 541 2722 propositionis
564 2650 591 2703 in
612 2651 812 2719 cottseqteutiae
828 2645 1043 2703 immutabilitate
1096 2666 1157 2707 esse
1184 2652 1354 2723 relinquitur.
1385 2649 1414 2705 in
1442 2651 1492 2706 nac
1516 2665 1580 2706 sero
1600 2653 1733 2707 sordentia
1749 2652 1880 2710 etiamid.

252 2742 386 2798 consistit.
402 2739 469 2798 item
484 2754 545 2796 cum
559 2740 689 2802 dicimus.
711 2738 733 2794 si
750 2739 878 2808 possibile
891 2746 933 2793 est
943 2736 996 2808 lesi
1011 2736 1044 2792 li·
1096 2744 1199 2800 Tutilius
1212 2758 1273 2801 esse
1286 2743 1509 2816 deprehenditur.
1530 2744 1557 2798 in
1573 2740 1724 2800 Niretoricis'
1738 2744 1809 2802 enini
1829 2746 1883 2818 syl·

251 2833 343 2900 lirum,
368 2832 496 2903 possibile
509 2841 551 2889 est
568 2832 601 2887 ad
625 2832 734 2887 tertium
759 2845 865 2884 rersmn
891 2830 1042 2900 pervenire.
1096 2832 1224 2907 logismos
1238 2831 1367 2907 quosdam
1394 2835 1626 2907 quinquepartitos
1640 2851 1711 2905 esse,
1725 2838 1883 2911 quadripar-

252 2940 347 2982 rursus
372 2925 520 2982 necessitas
541 2921 741 2993 consequentiae
754 2927 861 2977 sertata
874 2928 931 2986 est;
946 2935 1006 2974 nam
1021 2918 1044 2974 si
1097 2925 1241 2981 aliosalios
1267 2924 1418 2983 confirmat,
1439 2924 1542 2995 Quibus
1565 2941 1631 2982 vcro
1652 2928 1744 2984 tatium
1760 2918 1883 3002 syllngss.

253 3018 382 3086 possibiie
393 3027 434 3073 est
444 3017 496 3087 legi
506 3016 615 3080 librum,
627 3029 740 3070 necesse
750 3011 825 3069 estid
835 3010 962 3082 possibile
971 3023 1042 3075 0000,
1097 3033 1202 3074 morum
1214 3033 1268 3074 uon
1282 3010 1369 3088 placet
1383 3026 1473 3089 partes
1492 3019 1562 3076 ultra
1578 3014 1725 3078 ternarium
1741 3022 1883 3082 numerum

249 3115 284 3162 ut
298 3107 331 3164 ad
351 3110 460 3164 tertium
477 3121 583 3163 uersum
599 3107 781 3177 perveniatur.
804 3104 980 3173 opponuntur
997 3118 1045 3155 an·
1064 3156 1071 3181 ξ
1095 3109 1247 3180 propagari,
1270 3108 1298 3163 iri
1312 3108 1525 3181 propositionum
1549 3104 1721 3184 p'iobati'oues
1743 3118 1825 3195 atque
1841 3131 1884 3173 as·

253 3208 308 3262 iem
337 3198 517 3273 uypnruedcis
546 3197 773 3270 00000000000000
805 3197 857 3250 000
894 3195 959 3249 0000
984 3192 1279 3272 uttaecsnnpntonnrn
1290 3217 1345 3257 uon
1360 3206 1452 3272 putarit
1465 3202 1495 3258 it't
1514 3204 1663 3277 syllogismi
1679 3206 1798 3279 partibus'
1825 3224 1885 3266 esse

253 3309 346 3353 esrum
371 3292 547 3348 substantiam
562 3288 706 3360 perimunt.
722 3287 879 3347 Substantia
905 3301 969 3341 teto
983 3301 1045 3355 utu·
1099 3294 1249 3364 ponendas.
1266 3294 1357 3366 Neque
1371 3292 1443 3351 euim
1457 3294 1671 3369 propositionem
1692 3290 1764 3367 esse,
1779 3298 1813 3353 de
1832 3296 1883 3369 quai

253 3384 416 3453 positionum
429 3380 662 3451 hypotheticarum
676 3378 704 3433 in
719 3393 752 3433 ea
765 3386 816 3443 est,
833 3386 861 3431 ut
877 3392 969 3432 earum
981 3390 1044 3431 con·
1096 3383 1270 3454 syllogismus
1285 3394 1372 3454 potest
1385 3385 1514 3455 existere,
1536 3388 1580 3442 cui
1596 3384 1648 3443 non
1666 3385 1746 3444 deniit
1765 3386 1883 3445 auditor.

253 3472 561 3542 sequentias·necessitas
572 3470 659 3524 valeat
676 3481 842 3537 permanere.
859 3468 888 3522 si
903 3468 963 3535 quis
978 3481 1044 3536 ergo
1095 3473 1172 3540 Quod
1190 3475 1213 3529 si
1238 3490 1286 3545 pur
1301 3490 1331 3531 se
1342 3474 1424 3532 dubia
1435 3486 1477 3533 est
1498 3480 1528 3533 ea'
1540 3474 1660 3549 probatio
1678 3478 1738 3548 quie
1760 3479 1885 3552 proposi.

253 3571 329 3621 reete
347 3559 518 3617 conditionali
533 3557 708 3630 propositioni
723 3555 890 3627 repugnabit,
909 3555 935 3610 id
947 3556 1045 3612 eilrciet
1096 3565 1161 3618 tiuni
1177 3560 1266 3622 dubiae
1277 3564 1444 3637 adiungitur,
1466 3566 1566 3624 iaciens
1580 3566 1660 3624 iidem
1679 3552 1767 3626 eidem
1781 3571 1824 3624 cni
1837 3570 1885 3627 ad.

254 3662 285 3709 ut
305 3662 397 3708 aarum
420 3650 540 3705 destruat
563 3648 803 3717 consequentiam,
819 3647 902 3701 veluti
922 3662 983 3702 cum
1007 3647 1045 3703 ita
1092 3657 1214 3728 jungunt
1226 3659 1415 3730 propositioni,
1430 3652 1494 3716 [2211
1505 3669 1534 3716 „y
1549 3656 1585 3716 gyy
1606 3646 1702 3718 mom
1713 3656 1883 3735 gyyyogysm,

254 3742 379 3808 01000000,
393 3742 416 3796 00
427 3747 469 3796 000
478 3756 502 3806 0,
518 3745 560 3794 000
572 3740 597 3808 0,
610 3750 664 3792 000
676 3737 702 3792 00
713 3750 744 3792 00
755 3736 915 3805 repugnabit
928 3736 951 3788 0
965 3750 1044 3790 0000·
1095 3761 1127 3804 ae
1141 3763 1190 3819 per
1214 3748 1266 3804 boc
1291 3759 1355 3806 tunc
1370 3753 1463 3822 incipit
1483 3752 1544 3809 eise
1557 3736 1705 3827 syllogismi
1723 3755 1882 3824 propositio,

253 3841 332 3899 stret,
345 3841 391 3888 000
405 3842 567 3896 00000000,
581 3836 691 3885 000000
708 3839 767 3882 0000
781 3826 806 3893 0,
821 3827 869 3882 000
884 3826 970 3895 00000
982 3827 1043 3897 000·
1094 3852 1155 3895 eum
1170 3839 1230 3896 talis
1242 3854 1290 3913 per
1303 3842 1488 3914 probationem
1504 3838 1637 3917 reddtttir,
1649 3842 1678 3900 ul
1693 3860 1726 3901 es
1738 3846 1768 3901 'ea
1783 3845 1885 3916 aliquid

254 3924 317 3983 0000
331 3940 362 3991 0,
378 3923 495 3980 00000000
509 3938 564 3979 000
589 3922 681 3977 000000
707 3919 835 3989 000000οῑ
855 3932 916 3974 0000
940 3920 965 3983 0,
994 3918 1043 3974 000
1086 3930 1183 4003 'colligi
1199 3933 1284 4002 possit
1297 3949 1305 3998 ;
1320 3941 1384 3989 tuuc
1399 3948 1464 3990 sero
1476 3920 1576 4007 aliquid
1591 3934 1624 3992 ex
1637 3950 1668 3991 ea
1683 3934 1771 4008 colligi
1788 3946 1884 4007 petest,

254 4030 335 4088 00000
346 4030 407 4072 0000
420 4033 446 4082 0,
463 4015 567 4071 00000000
581 4014 596 4068 0
611 4012 742 4069 terminus
756 4023 810 4067 000
822 4010 877 4078 000
893 4013 940 4068 000
953 4012 976 4065 00
997 4026 1044 4066 00·
1095 4026 1158 4080 eum
1173 4024 1340 4097 probationis
1354 4026 1454 4081 auxilio
1465 4025 1564 4098 pbterit
1577 4026 1611 4083 ab
1629 4026 1751 4084 auditore
1761 4026 1882 4086 concedi.

253 4110 393 4182 gadomi,
408 4107 594 4164 conditionalis
608 4105 704 4162 eudem
724 4103 878 4161 destruetur
893 4103 993 4170 modo,
1014 4108 1043 4157 ut
1095 4115 1226 4182 Quocirca
1239 4114 1388 4173 membrum
1406 4116 1553 4188 quoddam,
1568 4126 1595 4173 ey
1609 4117 1685 4191 Μ,
1699 4116 1884 4177 yuygymgnmm

254 4217 316 4259 cum
329 4202 452 4266 dicimus,
468 4202 490 4256 si
503 4210 544 4256 est
557 4214 583 4263 n,
595 4200 610 4253 t
620 4212 673 4253 non
686 4206 741 4254 est.
761 4197 818 4253 Non
842 4196 1040 4253 ostendendum
1085 4204 1184 4261 ‘dubia
1197 4206 1391 4276 propositionis
1416 4207 1460 4263 ‚gy
1478 4204 1670 4278 aggumyqonyg
1689 4206 1811 4278 mosny,
1821 4222 1885 4269 ,Μ

255 4307 307 4363 000,
322 4304 543 4358 sublimimatis
561 4291 636 4346 0000
650 4302 730 4355 000οι
747 4290 795 4344 000
808 4302 869 4344 0000
882 4289 916 4343 sit
926 4306 952 4354 0,
966 4300 1043 4355 10000
1094 4293 1212 4356 ridetur.
1223 4309 1277 4349 non
1292 4308 1353 4364 pars
1365 4296 1445 4351 etiam
1467 4296 1632 4369 syllogismum
1647 4294 1695 4354 sed
1718 4298 1809 4354 nostra
1822 4314 1884 4356 sen·

255 4387 345 4444 esset
363 4386 515 4442 terminum.
532 4384 601 4439 suns
621 4391 709 4437 sutem
725 4382 905 4453 uypntuedcae
921 4378 1043 4450 proposi·
1094 4388 1176 4442 tentia
1204 4386 1247 4443 bis
1274 4388 1362 4456 potius
1390 4386 1495 4445 accedit
1514 4387 1558 4457 qul
1579 4388 1665 4446 tribus
1682 4388 1801 4462 partibus
1823 4394 1884 4449 eum

254 4481 352 4543 tiones,
367 4478 426 4533 sun
439 4476 546 4547 utilem
561 4472 743 4539 aurneina,
760 4472 823 4528 atie
837 4472 982 4545 nesativaet
995 4469 1044 4527 seo
1093 4489 1218 4537 constare
1231 4481 1414 4551 pronuntiant.
1426 4480 1531 4536 atenim
1547 4476 1675 4551 qnalibet
1687 4482 1810 4553 probatio
1823 4496 1882 4555 qne

254 4570 289 4624 00
314 4568 355 4623 00
369 4582 440 4624 0000
458 4569 553 4639 000000
572 4581 632 4637 quae
647 4566 674 4620 00
689 4564 881 4635 0000000000ῑο
905 4565 1000 4635 positae
1015 4563 1043 4617 00
1056 4552 1083 4622 Ῑ)
1094 4575 1136 4631 εει
1153 4574 1303 4645 probationi
1316 4572 1359 4629 rel
1382 4570 1559 4644 assumptioni
1581 4571 1732 4642 copulitur',
1758 4574 1881 4644 proposi·

254 4661 421 4717 0000000000
444 4668 504 4715 0000
528 4659 654 4713 0000000
669 4674 675 4710 ²
691 4658 848 4713 0000000000
871 4657 997 4727 quidem,
1011 4661 1043 4710 00
1095 4669 1175 4723 tionis
1203 4681 1263 4724 esse
1276 4666 1318 4722 rei
1333 4665 1526 4736 assumptionis
1541 4662 1664 4736 probatio
1686 4662 1796 4720 dicitur.
1817 4665 1883 4721 Cum

255 4764 315 4807 0000
326 4751 453 4815 0000000,
465 4751 488 4805 0
503 4761 545 4807 000
558 4766 584 4817 0,
599 4757 642 4805 000
653 4751 677 4816 0,
693 4751 715 4804 00
731 4765 747 4801 0
763 4763 815 4804 000
830 4756 881 4815 000,
894 4762 947 4803 000
963 4756 1004 4803 000
1014 4747 1041 4811 0,’
1095 4758 1175 4830 igitur
1185 4774 1240 4816 non
1255 4758 1289 4832 ad,
1299 4756 1495 4832 syllogismum,
1509 4755 1556 4812 sed
1570 4754 1603 4810 ad
1618 4755 1828 4826 propositionem
1843 4755 1884 4811 rel

254 4844 387 4914 0000000οε
401 4844 424 4899 00
439 4852 481 4898 000
494 4858 526 4910 0,
544 4854 596 4896 000
612 4852 654 4896 000
668 4844 700 4912 0,·
717 4845 740 4896 00
757 4854 810 4896 000
831 4848 919 4906 0000,
935 4846 1042 4896 000000
1094 4850 1304 4920 assumptionem
1330 4848 1481 4915 releratur,
1511 4845 1588 4916 culus
1610 4842 1651 4899 εει
1679 4843 1813 4915 probatio,
1830 4860 1882 4899 non

254 4934 280 4989 0·
293 4932 334 4988 00
348 4940 555 5003 0000000000000
570 4932 642 4986 00000
657 4932 867 5000 propositionem
890 4931 1039 5001 00000000·
1093 4951 1199 5010 oportet
1213 4955 1273 4998 eam
1297 4939 1448 5014 syllogismi
1463 4939 1571 5011 proprie
1588 4940 1690 5007 partem
1704 4934 1803 4992 videri.
1818 4936 1883 4992 Nam

253 5025 317 5082 dum
336 5032 387 5088 000,
402 5032 433 5078 00
443 5036 477 5078 00
488 5021 648 5078 0000000000
663 5034 696 5074 00
709 5020 830 5090 00000000
844 5021 881 5074 000
892 5020 1042 5089 0000000000
1096 5032 1161 5089 illud
1173 5033 1244 5104 quod
1257 5034 1336 5106 obiici
1352 5040 1452 5105 potest,
1469 5030 1558 5088 nullus
1568 5031 1675 5102 ignorat
1689 5029 1753 5101 quin
1765 5032 1882 5101 partium

251 5117 395 5186 00000000·
411 5115 484 5170 00000
498 5113 533 5169 00
544 5111 699 5181 000100οῑ00
725 5109 950 5179 0000000000οιιο
973 5123 1039 5165 000·
1083 5129 1186 5195 'partes
1201 5125 1282 5180 etlam
1296 5127 1378 5182 totius
1389 5138 1451 5182 esse
1465 5130 1555 5195 partes
1576 5121 1708 5178 dieantur.
1733 5121 1787 5179 Sed
1802 5121 1884 5191 piuri-

252 5205 701 5279 000000000000001010000000000·
720 5204 759 5259 00
773 5204 814 5258 000
832 5212 921 5258 000000
938 5216 1039 5275 00000·
1094 5231 1167 5272 mum
1179 5214 1262 5272 relert
1273 5226 1362 5273 utrum
1374 5220 1439 5288 ipse
1453 5218 1508 5271 sint
1530 5214 1653 5285 primitus
1676 5224 1767 5287 partes
1789 5214 1881 5275 torius,

252 5298 396 5358 0000000000
408 5306 468 5370 000
484 5301 511 5357 00
526 5298 705 5369 000000000οθ
719 5304 782 5352 sunt
803 5298 983 5366 10000οε000
997 5296 1033 5353 00
1094 5323 1127 5363 εει
1142 5309 1168 5363 in
1192 5308 1368 5365 secundarum
1390 5310 1505 5379 partium
1529 5307 1713 5379 postremitate
1738 5314 1881 5376 ponantur.

253 5405 345 5446 000000
353 5390 515 5461 0100000000
522 5396 682 5455 0000000000,
693 5390 863 5446 0000000000
875 5396 956 5458 atque
969 5391 1035 5446 000·
1092 5398 1223 5470 Amplius,
1234 5401 1257 5454 si
1272 5396 1307 5455 sit
1321 5406 1369 5470 per
1382 5415 1413 5456 se
1427 5410 1491 5456 nota
1505 5396 1652 5470 probabilis
1666 5399 1826 5468 propositio,
1842 5400 1883 5450 to·

251 5480 309 5534 000
331 5480 429 5535 00000·
453 5482 644 5553 Nypstbeticos
667 5482 846 5552 0100000000,
862 5486 930 5552 01000
942 5481 1038 5538 battus
1092 5500 1135 5549 tus
1148 5491 1318 5565 syllogismus
1333 5491 1490 5561 probatione
1504 5506 1557 5547 non
1569 5490 1681 5563 indiget.
1702 5490 1779 5558 erod
1794 5490 1817 5546 si
1833 5501 1881 5560 per

252 5571 447 5629 000000000οΰ
470 5584 611 5642 00000000,
627 5575 671 5630 000
693 5577 829 5649 010ίο0100,
855 5576 900 5632 010
915 5581 1040 5647 0000000,
1091 5594 1121 5638 se
1133 5581 1322 5652 propositionis
1333 5582 1404 5637 nulla
1416 5580 1483 5638 ties
1497 5590 1548 5645 est.
1565 5596 1677 5638 necesse
1690 5588 1810 5637 estntea
1821 5594 1883 5652 pro·

253 5661 299 5717 alii
324 5662 411 5721 tribas
430 5678 555 5724 constare
580 5669 699 5739 partibus
724 5671 904 5735 arbitrentur,
921 5676 1035 5741 quorum
1091 5674 1189 5745 positio
1208 5673 1324 5745 quodam
1344 5672 1416 5730 reiut
1438 5674 1594 5732 testimonio
1622 5674 1787 5742 probationis
1814 5672 1883 5730 indl-

253 5758 316 5809 nos
328 5759 541 5859 waimis!
552 5756 745 5828 diludlestrom
758 5761 939 5832 priusqulbas
950 5761 1039 5818 uoni-
1090 5772 1163 5837 goat.
1178 5765 1236 5824 Non
1251 5766 1331 5837 igitur
1344 5766 1515 5874 syllogismus
1534 5766 1693 5844 probatione
1714 5770 1743 5827 iu
1757 5774 1791 5828 eo
1810 5768 1882 5842 quod
