3946 6186
146 293 215 351 ιΞθι)

663 309 706 363 bu
728 308 964 365 atttrtnsttttts
983 306 1125 365 toetcts.
1147 308 1210 365 [ιιι.
1233 311 1274 369 ill.

1704 319 1772 375 t‘tltt

144 414 192 470 ted
206 415 229 469 is
239 416 345 485 quidem
363 420 405 489 qni
422 419 511 475 oiilcio
527 419 575 475 luit
594 414 735 491 contignus¹
746 439 774 478 ει
789 439 929 490 eriguntns,
945 425 1109 490 Assiesslllff
1123 439 1129 476 ²
1142 430 1187 475 ³¹¹¹
1198 425 1269 476 enim
1281 423 1307 476 ¹¹¹
1319 420 1380 491 ll³⁵⁰'
1389 421 1505 481 Ῑιΰῑθιῖδ
1516 427 1677 484 ὖθῖιῐιιῑθιιῑδ
1689 425 1770 500 Ῑιῑθῧῑι

144 511 324 579 consequitur,
337 512 407 567 iacto
420 513 511 569 cilicio
524 530 531 579 ;
547 516 571 569 is
581 531 645 570 reru
658 518 702 584 qui
718 529 797 571 extra
811 520 931 574 coutine-

143 611 197 669 tur,
210 617 281 671 sepe
300 606 352 659 no'u
366 609 548 675 consequitur,
563 623 649 676 neque
666 619 753 662 tamen
768 610 930 667 rhetoricam

143 709 193 747 suo
205 694 257 750 tine
268 707 422 752 contentam
441 699 542 754 bonore
556 704 676 756 vacuavit
689 720 695 756 :
712 703 769 757 lrree
780 705 885 773 quidem
896 707 931 760 ira

144 795 206 839 sunt
221 787 309 851 mista,
325 796 353 842 ιιι
364 789 497 846 rhetorica
510 792 572 844 insit
586 793 737 860 speciebus,
751 799 853 863 species
866 812 931 850 reru

144 874 225 930 insint
247 879 344 932 causis.
370 877 516 934 Causarum
532 897 595 936 reru
609 894 698 951 partes
713 895 797 940 statua
818 886 931 942 essedi-

143 977 248 1031 cnntur,
261 984 328 1036 qrros
344 972 423 1023 etiam
434 972 495 1027 aliis
510 975 672 1040 nominibus,
696 989 750 1031 turn
764 979 930 1045 constitutio·

143 1073 201 1122 urs,
214 1069 268 1112 tum
283 1064 444 1129 quaestiones
458 1067 597 1122 nominare
617 1068 694 1134 licct;
711 1071 755 1140 qui
770 1072 878 1141 quidem
889 1056 930 1126 di·

141 1149 267 1203 uidnntur
282 1153 316 1206 ita
330 1164 357 1207 nt
372 1172 461 1211 rerum
479 1173 585 1227 quoque
607 1171 699 1215 natura
714 1163 798 1217 divisa
811 1176 862 1220 εει.
876 1164 929 1220 Sed

139 1254 154 1292 a
167 1242 306 1312 principio,
317 1249 495 1315 questionum
506 1250 668 1306 dillerentias
677 1254 832 1308 ordinamur
844 1271 851 1310 :
863 1250 939 1326 qun-⁴

139 1331 210 1387 triam
236 1336 377 1394 rbetoricae
404 1345 566 1411 questiones
581 1347 787 1403 circumstantiis
803 1351 928 1406 involutae

139 1435 200 1479 ειιιιι
220 1441 324 1496 omues,
339 1441 385 1484 aut
398 1434 423 1486 iu
438 1436 528 1502 scripti
543 1435 656 1506 alicujus
670 1443 851 1496 controversa
868 1457 929 1497 uer-

139 1529 242 1582 santur,
264 1529 309 1574 aut
324 1533 421 1588 preater
433 1526 560 1595 scriptum
576 1543 610 1583 ex
628 1532 728 1599 reipsa
744 1544 850 1586 sumunt
864 1549 928 1587 eon-

139 1611 265 1664 tentiouis
291 1614 440 1669 exordium.
458 1617 490 1671 b‘t
512 1618 565 1674 illae
587 1621 694 1689 quidem
712 1639 771 1694 qnae
786 1625 812 1677 in
827 1627 927 1695 scripto

138 1701 219 1763 tutu,
228 1702 345 1770 quinque
357 1705 443 1759 modis
455 1706 513 1761 lteri
526 1721 648 1776 possunt.
661 1711 719 1767 Uno
732 1714 850 1783 quidem,
862 1731 922 1770 curn

984 519 1011 565 et
1030 511 1150 566 absoluta
1166 513 1280 583 quadras
1295 525 1475 584 nuncupatur,
1487 529 1532 571 aut
1547 519 1772 577 extrinsecus'ss·

983 605 1109 670 sumitur,
1124 614 1152 660 et
1166 606 1331 673 assumptiva
1344 608 1441 663 dicitnr
1455 610 1620 666 constitutio.
1639 612 1691 668 Sed
1714 614 1773 670 bae

984 694 1009 746 iu
1036 705 1128 763 partes
1146 708 1259 765 quatuor
1280 697 1416 752 derivatur
1433 719 1439 753 ι
1455 710 1501 754 aut
1522 701 1592 756 enim
1615 704 1773 760 conceditur

982 789 1095 854 crimen,
1112 798 1158 842 aut
1183 800 1346 855 removetur,
1362 800 1407 845 ant
1422 792 1544 857 retertur,
1569 805 1627 861 aut,
1642 796 1712 864 quod
1729 804 1772 852 est

984 879 1118 947 ultimum,
1130 890 1312 951 comparatur.
1323 881 1488 938 Conceditur
1502 886 1615 952 crimen,
1629 904 1688 941 curu
1697 887 1771 943 nulla

983 957 1160 1026 introducitur
1175 971 1237 1027 lacti
1251 972 1381 1038 delendo,
1405 975 1452 1029 sed
1466 976 1543 1030 venia
1564 978 1723 1046 postulatur.
1739 978 1773 1034 ld

983 1064 1041 1120 lieri
1057 1066 1160 1119 duobus
1176 1065 1262 1121 modis
1273 1075 1371 1133 potest,
1386 1068 1407 1120 si
1422 1065 1585 1137 depreceris,
1602 1080 1646 1123 aut
1662 1084 1766 1140 purges.

983 1155 1152 1224 lleprecaris,
1167 1172 1227 1210 curn
1242 1157 1307 1212 nibil
1317 1159 1498 1213 exornationis
1513 1161 1647 1227 attuleris;
1660 1177 1769 1232 purgas,

980 1263 1040 1301 cnm
1054 1248 1115 1303 lat-ti
1128 1251 1259 1317 culpabis
1274 1252 1418 1306 ascribitur
1432 1254 1527 1321 quibus
1539 1254 1632 1309 obsisti
1652 1256 1768 1309 oltriari·

980 1355 1031 1407 que
1045 1356 1097 1395 nou
1112 1343 1207 1410 pessit,
1224 1358 1309 1411 neque
1325 1354 1413 1397 tameu
1431 1359 1552 1413 personas
1566 1348 1638 1412 sint,
1655 1346 1680 1399 itl
1695 1345 1766 1401 enim

979 1432 1005 1485 in
1022 1433 1099 1486 aliam
1130 1433 1347 1487 constitutionem
1373 1434 1460 1488 cadet.
1487 1437 1555 1490 Sunt
1568 1452 1632 1491 vero
1646 1437 1702 1490 inec
1717 1439 1768 1490 iru-

979 1524 1128 1591 prudentia,
1145 1539 1233 1589 casus,
1249 1533 1328 1593 atque
1344 1526 1499 1580 necessitas.
1523 1527 1684 1583 Remos-etur
1700 1542 1766 1583 uero

977 1616 1091 1679 crimen,
1115 1631 1177 1670 enm
1203 1616 1237 1671 ab
1259 1631 1291 1670 eu
1312 1616 1357 1685 qui
1382 1616 1525 1672 incessitur
1553 1621 1712 1674 transfertur
1735 1618 1764 1672 iu

976 1705 1068 1759 alium.
1083 1704 1136 1760 Sed
1157 1706 1271 1761 remotio
1284 1707 1405 1762 criminis
1419 1707 1522 1762 duobus
1538 1711 1592 1764 lieri
1614 1710 1700 1764 modis
1713 1724 1763 1780 po·

138 1793 182 1848 bic
195 1797 332 1865 scriptoris
347 1800 427 1854 rerba
442 1802 577 1869 defendat,
594 1805 639 1860 tlte
653 1812 812 1862 seutentiam
826 1827 832 1862 ε
846 1821 924 1880 utque
940 1797 964 1856 Β
978 1804 1038 1857 mir
1055 1794 1077 1848 ⁶⁵
1088 1806 1134 1879 {¹¹¹²
1146 1810 1225 1850 ΜΨ
1241 1808 1419 1863 “mmm‘'
1434 1809 1480 1852 ³¹¹²
1498 1801 1603 1854 mmm·
1620 1800 1705 1856 causa
1716 1817 1762 1857 η’

137 1883 188 1938 boe
210 1887 359 1955 appellatur
374 1891 502 1961 scriptum
515 1905 542 1948 et
556 1895 692 1954 voluntas.
706 1899 766 1954 Alio
787 1902 877 1966 modo,
900 1905 923 1958 si

136 1976 207 2031 iuter
221 1993 251 2032 se
264 1978 335 2048 leges
347 1982 460 2052 quadam
471 1989 662 2045 contrarietate
675 1991 844 2059 dissentiant,
858 2010 923 2064 quas

135 2081 196 2121 cum
211 2084 243 2123 ex
260 2072 370 2127 adversa
387 2086 462 2143 parte
479 2077 637 2145 detendunt,
657 2081 756 2138 iaciunt
769 2097 923 2144 controver-

135 2157 223 2212 siam:
239 2170 318 2231 atque
334 2165 375 2219 bic
390 2177 499 2223 vocatur
510 2179 595 2227 status
608 2173 674 2244 legis
688 2166 844 2233 contrariae.
854 2179 922 2236 Ter·

135 2249 182 2314 tio,
197 2265 257 2304 cunt
273 2255 413 2323 seriptum,
434 2259 537 2330 dequo
557 2266 738 2331 contenditur,
761 2273 921 2327 senteutiam

133 2341 230 2395 claudit
244 2344 396 2415 ambiguum
414 2367 420 2400 :
436 2349 551 2407 ltuesuo
563 2357 669 2411 nomine
684 2360 842 2430 ambiguitas
853 2379 922 2419 auu-

132 2444 252 2501 cnpatur.
268 2436 369 2504 Quarto
383 2456 526 2509 tero‚cum
542 2461 575 2500 er
592 2462 625 2502 eo
643 2451 713 2518 quod
725 2461 766 2506 est
779 2460 919 2524 scripturn,

132 2525 201 2578 aliud
218 2542 270 2580 nou
284 2531 414 2599 scriptum
429 2533 603 2605 intelligitur:
619 2541 689 2606 qued
704 2545 763 2611 quia
777 2560 824 2613 per
839 2550 920 2603 ratio-

131 2615 290 2672 cinationem
314 2632 340 2676 ιι
366 2626 510 2693 quamdam
533 2630 680 2699 syllogismi
700 2640 917 2706 consequentiam

131 2706 326 2778 investigatur,
351 2714 519 2771 ratiocinatio
542 2722 582 2775 rel
610 2723 782 2794 syllogismus
811 2731 917 2788 dicitur.

130 2796 239 2866 Quinto,
255 2816 315 2854 curu
331 2818 421 2860 sermo
432 2819 472 2863 εει
483 2812 608 2879 εειιριιιε,
624 2815 699 2884 enjus
718 2834 770 2872 uun
790 2819 866 2876 lucilc
879 2824 918 2879 vis

130 2899 157 2943 et
171 2902 264 2948 tratura
277 2895 418 2963 clarescat,
434 2902 484 2956 nisi
506 2904 665 2963 diffinitione
685 2911 788 2967 detecta
802 2916 855 2969 sit:
875 2917 918 2973 bie

129 2993 239 3038 vocatur
254 2985 314 3042 linis
330 2991 369 3043 vel
386 2993 534 3064 inscriptio.
549 2999 622 3064 Quos
633 3015 754 3056 omuesa
770 3021 799 3060 se
809 3007 917 3066 differre

129 3086 185 3126 non
202 3085 242 3128 εει
256 3080 338 3133 nostri
351 3084 450 3150 operis,
467 3099 560 3141 rerum
571 3089 697 3147 ritetoriei
709 3095 913 3168 dernorrstrare;

976 1897 1110 1956 tueretur,
1135 1904 1195 1942 eum
1215 1889 1300 1942 aliena
1316 1900 1448 1958 potestate
1463 1893 1561 1961 aliquid
1590 1893 1687 1948 laetum
1702 1909 1763 1951 este

975 1979 1156 2033 contenditur.
1179 1979 1288 2034 l‘actum
1303 1998 1368 2035 vcro
1387 1997 1447 2036 curu
1469 1985 1547 2049 alius,
1574 1995 1618 2038 ant
1633 1984 1761 2053 potuisse.

974 2081 1018 2122 aut
1031 2069 1157 2126 debuisse
1172 2070 1260 2128 iacere
1275 2073 1484 2128 demonstratur.
1508 2077 1594 2144 lttrquu
1610 2078 1666 2131 inre
1683 2079 1707 2132 in
1719 2068 1762 2133 tus

974 2162 1089 2216 inarime
1113 2164 1221 2228 ualent,
1245 2167 1266 2217 si
1292 2164 1350 2233 ejus
1370 2167 1486 2222 nominis
1502 2170 1528 2221 in
1544 2183 1592 2222 nos
1607 2170 1762 2226 intendatur

974 2257 1054 2319 actio,
1072 2253 1141 2322 quod
1157 2268 1210 2306 nou
1226 2253 1367 2310 lecerirnns
1380 2256 1406 2310 id
1417 2258 1487 2327 quod
1498 2260 1614 2326 oportuit
1626 2262 1693 2314 lieri.
1709 2261 1761 2317 tte·

974 2343 1056 2396 lertur
1070 2343 1171 2397 crimen
1185 2360 1245 2397 cnm
1266 2345 1335 2413 juste
1349 2349 1374 2400 in
1387 2349 1502 2417 aliquem
1518 2348 1620 2407 lacinus
1633 2352 1760 2408 crimmis·

972 2446 1030 2484 sum
1047 2446 1107 2487 esse
1120 2434 1298 2500 corrterlditnr,
1315 2436 1441 2504 quoniam
1455 2439 1477 2491 is
1491 2440 1517 2493 iu
1532 2455 1611 2509 «quem
1633 2442 1760 2498 eommii·

972 2539 1029 2575 suut
1057 2524 1093 2577 sit
1117 2523 1230 2593 injurius
1254 2541 1325 2594 saepe
1350 2526 1447 2593 interit,
1472 2541 1551 2600 atque
1573 2533 1598 2586 id
1624 2535 1694 2602 quod
1719 2534 1760 2589 in·

973 2611 1090 2666 tenditur
1113 2616 1209 2668 meruit
1232 2617 1295 2683 pati.
1311 2617 1482 2687 Comparatio
1496 2632 1552 2689 εει,
1569 2639 1629 2678 ειιιιι
1651 2627 1759 2694 propt'er

973 2701 1111 2757 meliorem
1127 2689 1311 2772 utilioremve,
1329 2710 1426 2763 iactum
1441 2714 1510 2781 quod
1532 2715 1699 2771 adversarius
1717 2732 1759 2771 ar·

970 2794 1026 2863 guit
1039 2795 1210 2850 commissum
1233 2813 1308 2863 esse,
1323 2802 1485 2858 detenditur.
1502 2805 1600 2860 llornm
1620 2822 1684 2862 uero
1699 2823 1757 2862 om·

969 2884 1042 2937 trium
1066 2889 1268 2955 suntproprite
1295 2889 1468 2962 dillcremiar,
1492 2904 1572 2962 atque
1596 2896 1655 2951 idco
1671 2898 1759 2953 miuu-

969 2973 1079 3028 tissimae
1100 2975 1246 3032 divisiones
1267 2995 1335 3048 quas
1357 2984 1494 3038 rhetorum
1517 2987 1541 3040 iu
1568 2987 1610 3042 bis
1632 2990 1758 3046 docendis

967 3064 1187 3134 explicandisque
1201 3071 1346 3139 conscripti
1362 3073 1421 3128 libri
1442 3075 1593 3146 diligentins
1608 3080 1755 3136 continent.

128 3163 188 3219 btee
202 3168 273 3222 euim
297 3175 458 3240 speculanda
484 3178 571 3234 doctis
593 3197 645 3236 uon
664 3186 773 3242 rudibus
788 3190 913 3249 discenda
928 3171 950 3233 c
966 3155 1018 3257 bid
1038 3169 1088 3209 ⁰⁰⁵
1100 3155 1169 3260 ,hmo
1189 3173 1204 3212 ³
1230 3161 1264 3213 Μ’
1288 3161 1375 3264 ww
1399 3181 1547 3270 fumpf'sse
1561 3170 1766 3279 fufflcmtssm.

127 3263 312 3328 proponimus,
335 3269 456 3334 quamuis
470 3273 504 3326 tle
522 3288 615 3331 eorum
631 3277 779 3337 dilleretrtia
795 3284 820 3338 itt
835 3285 914 3357 Tapi·
967 3245 1041 3350 md.
1064 3264 1135 3302 emm
1160 3258 1214 3353 Ψ
1234 3267 1331 3357 ‚opem
1347 3254 1454 3312 temnat
1474 3269 1595 3375 'mem'
1612 3261 1648 3366 ⁰5
1662 3264 1758 3355 quum*

126 3362 217 3403 corum
228 3359 388 3412 commentis
399 3373 448 3427 per
463 3365 602 3420 transitum
614 3366 800 3428 dissernimus.
815 3375 913 3433 Earum
969 3338 1094 3441 ‘imbus
1109 3343 1158 3396 'wc
1172 3346 1367 3411 'nspw'endum
1380 3363 1395 3402 Β
1397 3359 1421 3402 st
1429 3350 1524 3453 ,Μῶα
1534 3353 1582 3406 ’Μ’
1604 3368 1674 3408 emm
1694 3354 1765 3467 Ἠὼς

125 3454 215 3497 amem
232 3448 453 3507 constitutionum
467 3470 527 3524 qum
539 3469 637 3527 ΝΜ
656 3465 785 3533 scriptum
801 3468 828 3522 in
844 3469 915 3539 ipsa·
966 3429 1018 3484 ltus
1039 3446 1179 3486 causarum
1195 3445 1284 3502 partes
1299 3449 1504 3496 constitutiones
1518 3457 1577 3550 esse
1591 3445 1758 3552 demonstrat

125 3545 286 3590 rururerum
301 3544 472 3600 contentione
496 3553 675 3619 suntpositae,
701 3556 737 3612 ita
755 3558 914 3620 diliereutiaa
965 3537 998 3577 ω
1021 3522 1156 3594 100οηυο
1179 3538 1272 3583 cmm
1297 3530 1487 3605 Hermagmm
1516 3547 1621 3605 'untur'
1648 3540 1755 3609 Μὴ

125 3636 308 3694 segregantur,
324 3641 353 3683 ut
368 3648 456 3690 rerum
472 3651 579 3707 quoque
592 3643 708 3711 ipsarum
721 3651 914 3711 naturadirer·

124 3727 154 3766 sa
166 3725 216 3769 est.
233 3717 260 3772 ln
277 3723 348 3776 omni
364 3726 435 3779 euim
459 3729 592 3787 rbetorica
607 3739 756 3804 quaestione
775 3743 913 3805 dubitatur

124 3819 157 3858 an
178 3806 222 3871 sit,
245 3811 307 3879 quid
324 3815 368 3878 sit,
384 3819 462 3885 quale
482 3822 528 3886 sit,
545 3834 572 3906 ει
590 3838 688 3893 practer
710 3832 778 3903 bec,
798 3853 832 3894 an
850 3841 912 3910 jure

124 3898 167 3951 rel
181 3914 254 3955 more
267 3905 351 3969 possit
364 3912 484 3964 exerceri
496 3915 636 3981 judicium.
654 3920 707 3976 Sed
720 3925 743 3980 si
757 3927 853 3985 laetum
869 3934 912 3990 rel

124 4004 168 4043 res
181 4005 240 4059 que
263 3993 420 4066 intenditur,
436 4003 469 4057 ab
482 4005 638 4066 adversario
653 4026 773 4085 negetur,
797 4026 911 4090 questio

123 4091 163 4135 est
179 4092 266 4139 utrum
279 4088 325 4152 sit,
339 4105 370 4144 ea
379 4095 566 4162 conjecturalis
577 4107 732 4164 constitutio
746 4116 908 4176 nominatur.

122 4175 197 4241 Qtrrrd
213 4178 236 4232 si
251 4180 349 4236 lactum
372 4187 481 4252 quidem
503 4198 737 4268 essecoustiterit,
760 4208 824 4275 quid
847 4193 909 4268 reru

121 4265 155 4319 sit
171 4267 196 4320 id
218 4271 288 4338 quod
306 4271 462 4332 factumest
482 4280 628 4351 ignoretur,
651 4296 776 4360 quoniam
793 4299 834 4355 ris
850 4301 909 4370 ejus

121 4355 280 4414 diffinitione
290 4370 462 4424 monstranda
477 4383 528 4441 est,
543 4376 682 4437 dillinitira
696 4385 795 4443 dicitur
808 4396 908 4449 eonsti-

121 4450 197 4502 tntio.
216 4454 251 4504 At
270 4453 292 4506 ει
310 4464 338 4509 ει
356 4474 417 4515 εεεε
431 4468 591 4538 εοιιειιιειιι,
607 4476 680 4532 etde
693 4482 731 4534 rei
746 4482 907 4544 diffinitione

120 4542 270 4608 conueniat,
286 4549 333 4601 sed
346 4550 425 4618 quale
437 4554 472 4608 sit
486 4557 645 4631 inquiratur,
662 4579 724 4626 tuuc
734 4576 797 4642 quia
806 4582 848 4633 cui
860 4596 914 4651 ge·¹

120 4633 176 4686 tteri
194 4636 287 4704 subjici
299 4640 396 4699 debeat
409 4648 562 4719 ambigitur,
575 4663 827 4733 generalisqnalitas
838 4688 907 4728 nuu-

120 4735 242 4792 cupatur.
257 4728 284 4782 ln
300 4729 350 4787 bac
362 4750 426 4791 rere
437 4743 586 4809 quastione
600 4758 628 4802 et
642 4753 775 4819 qualitatis
784 4768 812 4813 ει
822 4777 907 4831 quau·

119 4813 202 4871 titatis
215 4827 243 4871 ει
255 4828 463 4890 comparationis
477 4834 546 4888 ratio
560 4849 691 4896 versatur.
712 4847 764 4903 Sed
779 4856 905 4920 quoniam

118 4903 152 4959 de
165 4922 264 4977 genere
273 4917 386 4982 quaestio
399 4931 450 4988 est,
465 4927 611 4984 secuudum
625 4938 731 5001 generis
744 4942 857 5002 lormam
879 4950 906 5006 itt

118 4998 194 5065 plura
217 5018 329 5061 treccsse
342 5020 383 5063 εει
403 5012 471 5069 banc
485 5021 701 5081 constitutionem
716 5033 834 5094 membra
849 5040 906 5098 dis-

117 5092 209 5147 tribui.
225 5095 318 5154 0u'tnis
329 5104 399 5158 euim
411 5111 524 5175 quaestio
537 5120 680 5186 generalis,
697 5123 721 5177 id
738 5136 780 5181 est
795 5146 854 5185 cum
870 5134 912 5197 de¹

117 5197 216 5250 genere
230 5199 257 5241 et
278 5193 405 5257 qualitate
421 5209 448 5252 et
466 5205 615 5269 qrrautitatc
638 5217 766 5280 quaeritur
782 5219 855 5288 lacti,
876 5224 904 5280 iu

117 5271 184 5329 duas
196 5277 364 5339 distribuitur
373 5298 472 5355 partes.
485 5292 551 5348 Nam
563 5310 606 5351 aut
616 5300 641 5352 in
654 5309 817 5370 praeteritum
831 5330 904 5384 quae·

116 5366 186 5421 ritur
199 5372 232 5426 de
248 5375 374 5443 qualitate
398 5385 537 5451 propositi,
552 5400 597 5443 aut
620 5392 646 5446 iu
662 5411 788 5465 praescus,
808 5415 855 5459 aut
876 5408 910 5463 ιιιΙ

115 5457 244 5517 ιιιιιιιιιιιι.
261 5467 289 5522 Si
305 5468 333 5523 ιιι
361 5478 537 5542 praeteritum,
560 5480 720 5549 juridicialis
747 5497 903 5556 constitutio

116 5564 293 5622 nuncupatur.
314 5559 342 5614 Si
362 5566 559 5630 praesentiscat
575 5571 655 5628 ιιιιιιιι
672 5582 800 5648 terttporis
814 5594 903 5646 teneat

115 5648 301 5716 questionem,
320 5657 574 5722 negotialisdieitur.
585 5663 745 5726 iuridicialis
754 5690 816 5745 uero
825 5681 901 5750 cujus

116 5735 252 5806 inquisitio
280 5736 443 5813 praeteritum
459 5752 577 5822 respicit,
603 5757 704 5817 duabus
719 5752 839 5835 partibus
855 5790 899 5832 se·

965 3615 1070 3685 quodsi
1086 3619 1191 3686 generis
1214 3635 1302 3676 causae
1322 3635 1413 3692 partes
1428 3642 1480 3681 uon
1498 3640 1608 3698 possunt
1623 3642 1696 3686 reete
1708 3648 1756 3701 pu·

965 3705 1027 3771 tari,
1036 3707 1120 3760 multo
1131 3709 1218 3765 miuus
1230 3723 1311 3767 rectae
1322 3712 1365 3786 [t.
1378 3714 1459 3787 recte]
1472 3720 1556 3784 partis
1566 3735 1653 3776 causae
1664 3732 1755 3792 partes

964 3797 1136 3867 putabuntur.
1150 3798 1215 3855 Pars
1230 3812 1319 3857 autem
1334 3820 1422 3860 cause
1432 3809 1688 3868 constitutio'omnis
1702 3819 1763 3880 est,'

964 3897 1053 3955 partes
1075 3904 1162 3944 causae
1185 3896 1389 3951 constitutiones
1414 3913 1473 3952 esso
1497 3900 1649 3971 designans.
1666 3904 1754 3972 Quare

962 3975 996 4032 de
1009 3993 1038 4032 re
1053 3980 1136 4033 multa
1147 3985 1261 4050 quaestio
1275 3994 1334 4050 est,
1347 3989 1481 4055 quomodo
1504 3994 1576 4046 enim
1591 4005 1681 4064 partes
1695 4012 1758 4053 csse

962 4069 1122 4137 putabantur
1145 4086 1242 4126 causat.
1264 4076 1291 4129 Si
1316 4080 1388 4132 enim
1412 4083 1447 4133 ita
1471 4093 1579 4149 partes,
1597 4095 1626 4139 nt
1645 4091 1751 4156 speeies

961 4163 1096 4226 quomodo
1116 4161 1172 4215 beri
1189 4173 1275 4231 potest
1296 4176 1324 4220 ιιι
1351 4169 1377 4222 ιιι
1393 4186 1443 4226 uua
1457 4187 1535 4227 cansa
1551 4176 1640 4244 plnres
1652 4181 1752 4237 cousti-

963 4254 1078 4306 tutioues
1094 4253 1165 4306 siut?
1185 4256 1251 4308 llam
1271 4260 1374 4322 species
1387 4262 1435 4317 sibi
1451 4264 1562 4320 invicem
1579 4267 1752 4337 impermista

960 4351 1031 4394 sunt.
1049 4345 1083 4396 ut
1098 4345 1206 4399 renium
1222 4346 1247 4401 iu
1259 4363 1366 4403 causam
1390 4353 1510 4420 piurima
1525 4361 1749 4433 constitutiones,

960 4446 1013 4485 rtou
1026 4444 1089 4488 sunt
1104 4435 1184 4502 igitur
1198 4449 1290 4506 partes
1320 4457 1462 4498 causarum
1485 4448 1557 4503 uelut
1577 4453 1680 4518 species
1694 4465 1749 4510 sta·

921 4529 1012 4610 Dius.
1027 4524 1096 4579 illud
1107 4541 1213 4596 quoque
1223 4530 1293 4598 quod
1308 4534 1378 4587 untia
1392 4537 1496 4603 species
1510 4540 1588 4596 aliam
1602 4543 1652 4598 sibi
1667 4543 1750 4616 oppo-

958 4612 1037 4669 sitam
1062 4618 1178 4684 speeiem
1206 4620 1240 4672 ad
1268 4623 1444 4680 substantiam
1470 4628 1564 4697 juvat,
1592 4636 1750 4691 constitutio

958 4718 1023 4759 uero
1045 4709 1263 4766 constitutionem
1288 4715 1431 4771 coulirmat
1453 4721 1485 4773 ad
1502 4720 1592 4777 bdem.
1610 4723 1664 4780 Nee
1685 4743 1749 4782 reru

960 4792 1016 4848 iteri
1030 4796 1117 4864 potest
1140 4809 1169 4853 ιιι
1190 4801 1226 4855 ita
1239 4804 1293 4858 siut
1308 4820 1447 4864 causarum
1462 4814 1536 4881 quasi
1552 4816 1633 4870 totius
1647 4828 1747 4888 partes,

959 4885 1059 4940 nullum
1081 4889 1152 4944 enim
1174 4896 1350 4962 compositam
1364 4915 1397 4954 ct
1415 4918 1465 4957 una
1481 4916 1556 4974 purte
1571 4917 1655 4964 totum
1669 4920 1749 4984 atque

959 4974 1091 5046 integrum
1114 4994 1176 5037 esse
1196 4994 1293 5050 potest.
1318 4988 1358 5044 Ac
1378 4991 1404 5045 iu
1429 5008 1508 5049 eausa
1523 4985 1676 5056 constitutio
1696 5018 1747 5058 una

958 5062 1052 5146 idonea
1066 5079 1107 5123 est
1121 5073 1285 5132 constituere
1294 5092 1414 5137 eausam.
1431 5084 1499 5152 Quid
1514 5088 1594 5157 igitur
1605 5091 1748 5150 estdicea·

958 5155 1036 5222 dum,
1050 5170 1123 5228 patet
1137 5163 1180 5218 ria
1195 5168 1302 5222 rationi.
1318 5170 1409 5242 Neque
1423 5177 1494 5231 enirn
1509 5194 1597 5236 cause
1612 5182 1670 5251 ejus
1685 5199 1748 5254 pars

958 5247 1055 5302 dicitnr
1074 5265 1134 5308 esse
1156 5260 1323 5326 constitutio,
1336 5279 1395 5333 quae
1409 5282 1436 5320 m
1450 5276 1659 5344 controversiam
1674 5279 1747 5334 venit

957 5344 984 5389 et
995 5353 1071 5405 qnam
1083 5351 1167 5396 status
1180 5350 1333 5418 coustituit,
1346 5368 1407 5409 curn
1420 5362 1569 5426 presertim
1582 5365 1625 5434 qui
1639 5366 1747 5424 additur

956 5425 989 5479 ad
1012 5442 1119 5483 causam
1140 5443 1243 5503 status,
1259 5456 1310 5496 nna
1334 5444 1387 5510 jam
1412 5450 1602 5510 constitutione
1623 5456 1743 5526 lrrmata,

906 5556 909 5561 .
955 5519 1059 5573 nonsit
1074 5522 1240 5594 principalis,
1255 5533 1301 5586 sed
1313 5537 1446 5607 accidens,
1462 5552 1541 5614 atque
1553 5547 1578 5601 in
1593 5566 1646 5605 uuo
1662 5568 1744 5625 nege·

955 5606 992 5658 tio
1013 5614 1051 5660 tot
1073 5613 1197 5670 eueniant
1215 5627 1406 5682 controversie
1421 5640 1485 5698 quot
1498 5633 1742 5698 sunt'cdnstitntio·

953 5708 1015 5758 nes,
1033 5699 1079 5753 sed
1101 5715 1165 5770 quot
1185 5716 1375 5771 coutroversiae
1400 5729 1439 5775 tut
1460 5737 1558 5782 causat.
1574 5730 1608 5786 Et
1621 5731 1681 5790 lieet
1695 5753 1741 5795 eas

953 5800 1033 5842 uuum
1047 5794 1180 5854 contineat
1194 5805 1344 5878 nogotium,
1365 5825 1452 5871 causa
1465 5827 1551 5877 tamen
1567 5822 1743 5897 impermista
