3946 6186
149 303 215 360 tait
299 340 303 345 -
415 300 448 358 ht
470 303 532 360 tto.
555 302 587 371 lll
623 306 666 361 nt:
684 304 877 362 CONSOLiT.
900 300 1163 369 htttt.0s.,.ttt-:ttt.
1183 304 1230 375 li,
1249 305 1532 376 conuentionis.
1716 313 1787 370 issa

148 417 287 473 numeriam
302 435 308 469 ι
322 416 418 481 ileum,
429 415 549 470 omnium
563 424 711 484 meatorum
725 433 732 468 ι
744 415 892 484 eseutplar,
904 414 935 485 ἰιιι
953 416 977 472 Α
1030 418 1075 473 lli.
1093 417 1151 474 lloe
1175 433 1242 474 saue
1263 420 1391 474 attentius
1412 419 1568 475 intuendum
1590 427 1641 485 est,
1654 419 1726 491 quod
1741 435 1786 477 se·

148 490 223 557 errjos
236 488 353 557 speciem
376 487 499 541 universa
517 485 528 537 ι
537 495 643 538 ·rmaret
656 503 662 536 :
675 485 825 550 materiam,
840 499 937 552 etqua
992 488 1093 553 quitur,
1110 506 1142 543 ue
1153 506 1239 554 partor
1254 489 1319 558 iguis
1338 491 1427 552 motet,
1441 498 1495 543 cte.
1509 487 1574 544 Nato
1591 491 1659 546 sieut
1674 498 1787 546 terrast

148 568 243 612 crtuota
268 566 383 612 crearet.
407 557 443 610 lle
465 552 805 624 tttateriasuperiosdixit,
826 555 940 608 turrate
993 558 1062 627 ignis
1089 553 1143 626 p'rae
1168 559 1275 613 caeteris
1304 560 1444 613 elementis
1478 560 1534 628 ipsa
1569 558 1619 613 loci
1652 559 1786 642 positione
1815 571 1817 576 ⁴

148 625 437 696 pituitautt'steremplar
450 624 493 679 hic
507 625 703 694 expriruitcum
719 625 793 685 tlirit,
807 634 833 677 tu
847 636 939 678 cuneta
992 629 1109 683 uterque
1135 629 1255 697 sejuorta
1282 625 1353 694 sunt,
1366 643 1426 682 eum
1444 638 1513 683 terra
1537 629 1639 691 lnlhua‚
1654 630 1722 693 tgnis
1738 629 1788 693 bo·

149 715 261 766 ariperuo
283 697 357 751 ducis
379 696 409 749 nl
432 698 557 763 corrupto.
586 694 641 748 lloc
666 703 707 749 est
733 697 796 749 illud
822 695 940 748 Platonis
993 711 1051 751 rum
1067 699 1212 752 altissimus
1227 697 1273 763 sit,
1290 710 1317 750 ut
1339 706 1399 760 pute
1420 695 1497 767 ettjus
1511 708 1552 752 εει
1566 698 1695 753 tratttralis
1710 698 1786 754 ireos

149 771 256 837 tltigtttat,
273 768 306 821 de
327 780 380 834 quo
404 766 496 818 heatus
520 765 697 833 Hieronymus
714 768 739 817 iu
761 764 872 834 prologo
887 765 940 820 tie·
992 767 1019 833 in
1035 767 1146 833 aethere,
1163 784 1241 837 quent
1259 768 1343 834 igneae
1360 777 1466 822 eottstat
1488 782 1549 822 esse
1574 780 1687 831 naturae,
1703 783 1784 836 qoem

151 841 223 892 tresis
247 839 363 905 loquitur
377 853 382 886 :
397 850 457 888 nam
483 848 543 887 cum
566 832 636 886 Lxx
660 837 819 898 interpretes
840 849 940 903 praeca·
992 837 1072 891 etiarn
1089 836 1176 899 omnis
1195 837 1301 891 daroma
1325 846 1429 891 sttrsuut
1452 838 1563 891 tendens
1580 839 1683 892 ridetur
1698 854 1783 907 aripe-

150 911 222 962 uisse
243 907 343 961 diceret
358 920 392 959 ne
407 904 568 958 ttoteumus
592 904 668 958 tritius
695 905 740 958 liei
756 905 844 959 cultor
869 904 938 973 aptttd
993 915 1067 968 terea
1091 908 1126 960 ita
1150 907 1231 962 etiam
1255 906 1315 960 aliis
1339 906 1515 972 orthru-dam,
1531 918 1627 969 praeter
1643 911 1700 962 illas
1716 923 1783 977 qoas

150 979 256 1031 ludaeos
267 990 372 1046 quoque
384 974 516 1040 duplicem
528 973 694 1028 tliuittitatem
706 975 938 1042 deprehenderem
992 991 1073 1045 sopra
1087 975 1212 1038 diximus,
1224 976 1383 1031 diliereutiis
1398 977 1514 1030 maritate
1524 976 1715 1038 dissociantur:
1732 979 1784 1033 lrttc

153 1056 212 1112 troo,
227 1049 273 1110 ait,
296 1045 356 1098 ideo
381 1047 499 1098 trtasime
524 1042 666 1110 sariebant,
683 1045 743 1114 quia
770 1045 795 1099 in
822 1044 939 1106 thetonis
987 1054 1035 1115 ,εει
1058 1045 1165 1102 let-itate
1188 1056 1216 1103 ει
1237 1047 1378 1114 gravitate,
1402 1046 1518 1116 puritate
1542 1056 1570 1099 ει
1592 1040 1784 1109 crassitudine,

151 1123 246 1185 sigma
260 1115 357 1170 cadere
370 1115 518 1168 uidebatur.
532 1112 541 1166 l
555 1129 623 1182 aque
638 1115 682 1169 ubi
695 1128 828 1170 sacraturo
840 1115 939 1184 aliquid
992 1115 1058 1171 liam
1084 1118 1178 1172 horum
1204 1117 1397 1172 elementorum
1421 1117 1490 1187 iguis
1515 1110 1676 1185 puris-*imus
1690 1126 1732 1170 est
1754 1124 1784 1171 et

151 1187 288 1253 Scriptura
304 1185 419 1252 loquitur
433 1184 467 1238 de
479 1184 556 1237 l'atre
566 1194 594 1238 et
606 1184 673 1238 Filio
683 1185 818 1253 etSpirito
833 1197 938 1249 sancto,
993 1185 1162 1253 leuissimusr
1187 1198 1258 1243 terra
1283 1187 1348 1256 plus.
1362 1202 1441 1254 quam
1470 1199 1568 1242 caetera
1592 1185 1735 1241 densitatis
1757 1198 1785 1241 et
1811 1213 1818 1220 ·

151 1266 195 1309 aut
210 1255 287 1309 aliter
310 1254 478 1322 interpretati
499 1266 571 1319 sunt,
585 1264 632 1308 atrt
652 1256 763 1318 omuino
778 1264 938 1309 tacuerunt:
994 1256 1122 1326 ponderis
1137 1257 1238 1312 babere
1253 1259 1433 1326 cognoscitur.
1452 1257 1531 1328 igitur
1553 1272 1586 1310 ue
1608 1256 1703 1310 htrrrun
1717 1271 1785 1322 quq-

152 1327 203 1379 ltoc
216 1326 306 1393 utique
321 1335 481 1390 metuentes,
497 1325 567 1379 nesi
584 1326 610 1378 in
628 1323 724 1379 divinis
740 1324 826 1380 Libris
842 1333 941 1396 rttyste·
993 1341 1046 1395 qoe
1060 1337 1132 1381 tanta
1147 1327 1289 1382 diuersitas
1302 1329 1388 1396 iguem
1403 1330 1508 1394 penitus
1524 1338 1679 1394 terramque
1693 1326 1783 1394 impli-

153 1399 221 1451 riutu
249 1395 385 1449 'l'rhtitatis
414 1396 483 1449 ideut
514 1394 672 1449 l‘trdentaeus
698 1398 845 1459 inveniret,
872 1402 941 1449 hau'c
993 1396 1070 1451 rabili
1087 1407 1417 1466 reptrguautasepararet,
1431 1399 1565 1465 geminata
1580 1405 1621 1451 est
1642 1403 1784 1460 procurata

152 1467 274 1521 carradent
291 1479 444 1534 essequam
461 1464 536 1518 tuoto
549 1465 639 1519 docuit
657 1465 824 1532 existimaus,
841 1467 866 1520 iu
882 1467 940 1533 ejtts
994 1468 1133 1532 medietas,
1145 1479 1251 1536 qua,ut
1266 1483 1346 1535 supra
1361 1479 1498 1522 ostensum
1512 1479 1564 1532 est,
1576 1464 1712 1521 tusotooiit
1726 1466 1785 1519 trin·
1818 1517 1820 1523 ,

152 1551 271 1591 errorem
285 1535 469 1589 retrerueuius
490 1536 650 1589 traheretur.
673 1535 789 1591 Proinde
809 1536 941 1603 quetttad-
994 1536 1054 1590 culo
1068 1538 1134 1591 solet
1159 1550 1277 1593 extreme
1292 1548 1463 1602 connectere,
1477 1552 1544 1605 aqtra
1560 1536 1664 1592 seilicet
1678 1544 1705 1589 ει
1720 1549 1782 1598 aera

153 1607 261 1661 morium
282 1604 393 1673 quilibet
408 1604 500 1658 artilet
525 1607 703 1673 quotcunque
724 1622 792 1675 opus
809 1606 941 1660 latu-icaro
994 1621 1054 1675 qum
1084 1608 1223 1676 utriusque
1252 1609 1323 1661 illius
1350 1609 1546 1662 contrarietatis
1574 1615 1636 1674 apto
1665 1603 1781 1674 quodam

153 1679 283 1740 disponit,
299 1676 373 1744 prius
395 1674 454 1743 ejus
475 1674 589 1729 lorrttatu
603 1685 630 1729 ει
644 1676 808 1744 sittgulatum
825 1677 939 1741 partium
994 1676 1137 1745 participio
1150 1687 1307 1740 temperata,
1321 1678 1456 1732 levitatem
1471 1679 1538 1746 igms
1549 1685 1655 1730 terreno
1670 1675 1782 1743 ponderi

153 1746 355 1800 similitudinem
369 1746 496 1799 inanimo
509 1747 626 1812 ge.it,et
641 1746 754 1813 quodam
770 1748 940 1816 cogitationis
958 1780 980 1838 Β
994 1747 1177 1802 conciliarent.
1192 1748 1296 1801 liabent
1306 1751 1377 1802 euim
1393 1759 1504 1814 utraque
1517 1758 1541 1801 et
1555 1745 1652 1814 aliquid
1664 1743 1784 1799 leuitatis

153 1818 251 1870 intuitu
266 1816 479 1884 corrtetuplatur;
491 1815 586 1870 codem
600 1817 680 1869 modu
691 1817 748 1883 ipse
765 1818 845 1872 ileum
861 1815 941 1878 lutttri
995 1831 1056 1870 curn
1080 1816 1150 1885 igue,
1165 1826 1192 1872 et
1206 1833 1265 1872 curn
1290 1826 1359 1871 terra
1375 1816 1472 1885 aliquid
1497 1817 1644 1887 grauitatis.
1662 1812 1716 1870 Sed
1735 1829 1784 1868 aer

155 1887 244 1941 mundi
267 1887 382 1956 speeiem
403 1896 431 1940 ει
448 1885 588 1949 imaginem
618 1887 782 1942 atoroaiiter
807 1889 833 1941 io
855 1895 945 1941 mente
995 1886 1166 1941 levitatesua
1180 1889 1232 1956 igni
1255 1888 1368 1943 vicinior
1381 1897 1435 1952 est,
1449 1903 1517 1957 aqua
1540 1898 1648 1940 terreno
1671 1882 1783 1952 ponderi

155 1957 273 2024 gessisse
294 1957 441 2011 asserebat.
458 1955 487 2009 Et
503 1957 553 2009 huc
565 1965 606 2010 est
622 1957 693 2025 qood
713 1957 795 2011 dicit:
810 1955 945 2022 pulchrum
996 1958 1079 2019 mauis
1096 1959 1301 2026 appropinquat.

154 2028 277 2079 muudum
289 2025 484 2096 pulcherrimus,
499 2038 550 2079 etr.
567 2025 601 2080 ιιι
615 2029 676 2080 otiu
689 2029 815 2081 totoetin
826 2028 945 2096 partibus
1024 2028 1075 2081 ll.
1097 2027 1149 2083 Sed
1166 2037 1254 2082 tamen
1276 2036 1404 2095 quantum
1419 2027 1530 2082 interest
1552 2028 1734 2094 interstruam
1754 2029 1783 2079 et

155 2099 210 2150 suis
226 2098 316 2150 muudi
331 2096 480 2150 machinatu
495 2095 605 2164 juberet
616 2111 676 2150 esse
693 2100 847 2166 perlectam.
995 2113 1086 2152 aerem
1101 2112 1182 2152 causa
1200 2098 1341 2152 densitatis
1355 2106 1382 2151 ει
1398 2096 1534 2167 ponderis,
1556 2096 1721 2150 tantumdem
1742 2093 1785 2147 in⁴

190 2166 214 2221 8.
235 2165 273 2220 Tu
295 2167 407 2221 rtuotert's
424 2168 546 2220 elemento
566 2166 642 2238 liqna,
654 2178 707 2221 etr.
731 2168 833 2234 Quttnta
847 2166 880 2222 de
893 2182 944 2222 nu·
996 2176 1037 2223 ter
1047 2183 1138 2224 aerem
1152 2169 1277 2238 etignem
1291 2179 1343 2224 est.
1358 2167 1391 2220 Et
1402 2181 1496 2221 rursus
1506 2166 1577 2234 quod
1591 2170 1702 2219 interest
1713 2162 1784 2218 inter

155 2252 290 2290 merorum
311 2237 438 2305 potentia.
454 2245 481 2290 et
501 2252 548 2306 prr
566 2237 638 2303 ipsos
655 2237 724 2291 leta
746 2238 874 2294 diuinitus
888 2238 946 2293 ele·
995 2252 1086 2292 aerem
1100 2248 1127 2293 et
1145 2252 1242 2307 aquam
1255 2253 1334 2291 eausa
1350 2236 1468 2291 raritatis
1488 2246 1515 2290 et
1536 2236 1661 2298 levitatis,
1679 2233 1729 2287 lroe
1741 2233 1784 2288 tu·

154 2319 306 2361 memorum
331 2306 513 2372 coaptatione,
533 2308 586 2359 iruo
610 2307 692 2361 tutius
715 2309 808 2362 rotrudi
833 2307 944 2372 labriea,
997 2317 1114 2364 terestet
1129 2308 1198 2365 inter
1214 2319 1310 2363 terram
1325 2315 1352 2361 et
1364 2322 1470 2375 aquam.
1482 2305 1601 2372 itemque
1616 2303 1687 2369 quod
1698 2302 1783 2359 inter·
1806 2349 1809 2352 .

154 2378 309 2430 Graecorum
334 2377 504 2445 pltiiosoplt.‚
532 2386 560 2431 et
583 2392 675 2430 eorum
699 2376 945 2432 excellentissimus
974 2424 976 2426 .
996 2387 1039 2432 est
1062 2379 1132 2433 iuter
1154 2390 1252 2432 terram
1272 2389 1300 2432 ει
1315 2392 1410 2446 aquam
1426 2389 1504 2428 rausa
1520 2374 1659 2428 densitatis
1673 2381 1700 2427 et
1714 2385 1781 2441 pott-

156 2447 231 2502 Plato
247 2446 272 2499 io
289 2447 392 2500 Tirttaeo
405 2445 590 2513 disputaverit,
604 2445 630 2500 iu
646 2447 746 2502 Latiare
767 2463 839 2513 sune
854 2455 943 2503 aucto·
997 2448 1081 2512 deris,
1105 2449 1155 2502 hoc
1172 2449 1283 2502 itrterest
1298 2448 1367 2501 iuter
1385 2453 1521 2512 aquomst
1541 2458 1631 2498 aerem
1643 2457 1650 2496 r
1662 2451 1690 2496 ct
1711 2440 1782 2510 qood

155 2516 405 2579 ribosiuteaimus,
419 2516 507 2584 quiea
521 2515 582 2570 iude
598 2518 725 2570 translata
743 2528 899 2583 tractantes,
910 2516 944 2572 ad
997 2517 1068 2571 iuter
1087 2533 1182 2587 aquarn
1198 2530 1222 2571 et
1247 2532 1348 2577 aerem,
1370 2513 1420 2569 ltoc
1435 2516 1506 2568 inter
1525 2528 1615 2568 aerem
1634 2521 1661 2566 ct
1681 2514 1780 2580 igneio.

157 2600 280 2650 siagrium
303 2587 353 2640 hoc
367 2585 526 2640 eruditionis
550 2587 696 2653 perlectum
719 2592 853 2657 pertinere
870 2587 944 2642 arbi·
997 2587 1051 2642 Nee
1068 2591 1155 2640 solum
1171 2587 1222 2640 sihi
1243 2587 1327 2639 uicina
1352 2592 1380 2640 et
1397 2584 1558 2638 roltareutia
1579 2589 1783 2651 coutparautor,

158 2657 217 2710 trati
230 2665 302 2710 suut.
319 2658 355 2709 Es
374 2656 470 2724 quihus
486 2657 536 2711 huc
553 2665 656 2713 tantum
678 2657 749 2724 quod
763 2657 945 2724 hucesposi-
996 2657 1043 2710 sed
1069 2656 1162 2711 eadem
1190 2659 1300 2708 alteruis
1326 2653 1437 2709 saltibus
1460 2653 1609 2708 cusoditur
1631 2651 1781 2719 equalitas.

142 2725 463 2791 'liutteulsosultcihbic
484 2728 770 2795 inserendomputaui.
787 2727 945 2782 hutbrosius
995 2724 1062 2779 Nam
1088 2727 1157 2793 quod
1186 2735 1228 2779 est
1250 2735 1320 2779 terra
1344 2729 1492 2789 adaerem,
1521 2724 1571 2778 hoe
1594 2732 1635 2777 est
1657 2735 1726 2787 atqua
1748 2721 1782 2776 ad

157 2797 318 2859 biaerohus,
334 2794 379 2864 qui
403 2796 537 2850 somnium
558 2795 691 2863 Scipionis
713 2813 727 2850 a
746 2798 876 2852 tlieerone
898 2796 944 2850 de·
997 2795 1095 2863 ignem.
1110 2796 1142 2850 Et
1157 2795 1260 2863 quoties
1271 2796 1394 2859 terteris,
1411 2797 1533 2850 earntlem
1549 2793 1667 2861 reperies
1677 2792 1783 2860 iurgabi-

157 2866 286 2933 scriptum
309 2866 335 2919 itt
359 2865 463 2920 duobus
486 2865 560 2919 libris
586 2867 725 2935 insiguiter
749 2867 891 2933 esposuit,
917 2866 943 2918 in
997 2864 1353 2934 lemcompeteniamsqua
1368 2865 1438 2919 iuter
1456 2879 1485 2918 se
1500 2863 1782 2930 aequabiliterdirerer

157 2937 239 3004 priori
253 2936 321 2990 hhro
336 2935 370 2989 ita
385 2935 448 2989 dicit
463 2950 471 2986 r
485 2934 586 2989 Scimus
600 2937 739 2990 secundum
754 2930 905 3002 Plutonem,
916 2935 944 2989 ιιι
996 2935 1143 2990 sociantur.
1160 2936 1192 2988 Et
1209 2937 1259 2990 boc
1274 2947 1313 2988 est
1330 2935 1399 3002 quod
1415 2935 1463 2995 ait,
1478 2949 1510 2986 ue
1527 2934 1627 3005 purior,
1646 2931 1671 2984 id
1684 2939 1727 2985 εει
1743 2930 1783 2986 le·

156 3017 193 3058 est
209 3005 350 3058 secundum
370 3005 449 3071 ipsius
471 3006 583 3058 ueritatis
596 3021 727 3065 arcanam.
741 3006 788 3058 illa
802 3006 861 3075 [orti
877 3002 945 3060 itt'ter
998 3005 1055 3058 rior
1071 3007 1138 3074 iguis
1153 3006 1250 3071 evolet,
1266 3020 1298 3058 ac
1311 3006 1418 3073 penitus
1430 3003 1590 3057 dissocietur
1605 3019 1620 3056 a
1636 3011 1706 3056 terra
1719 3009 1783 3056 :aut

156 3091 184 3128 ιι
203 3077 304 3129 vineole
319 3074 445 3145 callipori,
456 3076 546 3143 quihus
560 3075 691 3142 interiecta
706 3076 827 3130 medietas
840 3085 944 3146 prostat
999 3084 1068 3129 terra
1085 3076 1201 3144 pondere
1219 3090 1269 3128 suo
1284 3091 1382 3134 mersa.
1405 3083 1432 3129 et
1450 3073 1558 3141 reliquis
1574 3087 1626 3127 noo
1641 3071 1783 3126 coherens
1845 3082 1850 3090 “

156 3146 251 3199 ohrruli
264 3145 419 3214 firmitatem.
436 3143 499 3197 Cttm
514 3160 572 3198 oero
587 3146 708 3200 irradietur
721 3146 778 3213 ipso
793 3133 982 3214 genuinach
998 3147 1150 3211 eletneutis,
1165 3161 1179 3198 a
1195 3149 1301 3214 propria
1317 3144 1423 3198 det-idat
1441 3143 1596 3199 stabilitate.
1644 3190 1649 3197 .

156 3232 187 3269 cn
206 3231 264 3283 quta
277 3216 372 3269 extimo
385 3223 443 3268 tunt
465 3231 516 3267 nou
531 3217 652 3269 tenaciter
674 3216 851 3278 tourtam,srtl
871 3216 946 3269 etiam
1036 3216 1080 3270 ιι.
1100 3217 1166 3271 Nam
1184 3225 1288 3269 terram
1311 3229 1373 3270 esse
1397 3217 1423 3269 in
1450 3214 1540 3268 rrtedio
1560 3214 1643 3267 totius
1665 3211 1784 3267 eoeleaiia

156 3285 323 3339 insolubiliter
345 3286 499 3338 oirtciuutur.
527 3284 615 3338 l'riuto
628 3302 689 3356 erqo
704 3286 817 3340 ternario
839 3286 946 3355 contigit
1000 3285 1123 3353 sphera,
1142 3285 1213 3340 velut
1228 3296 1349 3340 certtrom
1366 3284 1392 3338 iu
1412 3284 1502 3339 medio
1522 3283 1785 3351 munitionemque

157 3371 262 3409 rruorero
285 3365 313 3409 ut
341 3365 379 3409 ter
403 3356 453 3407 duo
478 3370 578 3407 suorum
602 3358 713 3409 medium
739 3371 789 3422 quo
810 3357 947 3410 vinciretur
999 3356 1096 3410 crolum
1113 3372 1173 3411 curu
1188 3357 1319 3409 sideribus
1332 3355 1416 3424 teqtris
1431 3370 1463 3408 ex
1478 3355 1550 3408 ontni
1571 3363 1646 3421 parte
1662 3352 1784 3422 spatiisa

155 3427 290 3496 occiperet.
307 3425 492 3491 Qantcmnrias
514 3441 572 3478 arro
595 3425 660 3478 duos
683 3427 829 3482 uteorum·
847 3427 946 3494 prinum
999 3436 1069 3480 terra
1091 3427 1200 3491 distare,
1218 3441 1311 3482 limites
1329 3426 1480 3495 astrologiae
1496 3432 1628 3479 testantur
1645 3431 1782 3477 auctores.

155 3498 267 3550 oninium
288 3509 376 3550 unctio
399 3512 412 3549 e
426 3504 445 3556 t,
458 3512 521 3564 quus
546 3495 577 3547 ob
596 3497 644 3548 lior
662 3512 768 3550 numero
786 3497 852 3550 lleua
872 3512 947 3550 mttu·
998 3497 1075 3561 Quod
1089 3500 1111 3552 si
1126 3501 1161 3551 ita
1172 3508 1223 3562 est,
1234 3510 1344 3551 trecesse
1356 3505 1395 3550 est
1407 3505 1505 3549 terrant
1517 3496 1633 3562 audique
1647 3502 1694 3547 aut
1707 3493 1784 3562 aquis

155 3566 231 3620 done
252 3567 326 3619 stolis
346 3567 440 3635 ortiles
462 3566 628 3635 totrditorque
651 3577 799 3631 omtuntur,
817 3568 957 3636 itrroludr'li
998 3577 1121 3622 attinere
1139 3568 1305 3636 circuntegi.
1329 3567 1404 3622 Uode
1424 3566 1474 3619 uisi
1489 3581 1537 3634 per
1559 3565 1675 3618 uirirtaut
1691 3572 1785 3631 poton-

155 3638 221 3690 iuter
243 3654 270 3691 ει
292 3636 393 3690 uinculo
414 3633 536 3690 eleuterio
561 3638 673 3691 deviarit
686 3639 773 3692 :sicat
798 3639 824 3690 ιιι
851 3637 946 3692 Timeo
1000 3638 1063 3690 tiaut
1082 3640 1210 3707 disposita
1230 3640 1425 3691 rietttetttorum
1447 3636 1615 3691 connexione
1637 3642 1784 3694 oneratur,

154 3705 274 3761 Platonis
288 3717 411 3760 assertum
431 3717 479 3770 eat,
494 3723 543 3759 uon
558 3707 700 3760 olitorium
719 3721 882 3761 corrtroteran
897 3710 946 3763 ailti
1000 3712 1151 3763 successario
1166 3716 1196 3762 ut
1210 3708 1246 3762 illi
1268 3707 1397 3777 putabant
1419 3722 1434 3761 a
1449 3721 1500 3761 suo
1514 3716 1584 3760 statu
1603 3704 1718 3773 quadam
1731 3704 1781 3754 tle·

154 3792 185 3828 nc
206 3779 376 3849 repaquautio
399 3785 423 3829 et
445 3788 543 3830 uatttrte
570 3779 780 3831 corninunrouom
807 3778 946 3833 abnuentia
997 3779 1132 3834 mersione
1159 3780 1302 3834 laberetur.
1323 3778 1399 3844 Qrtod
1426 3792 1473 3846 per
1496 3778 1547 3830 lroc
1570 3774 1678 3844 intelligi
1701 3771 1785 3826 voluit

154 3849 308 3912 permisceri,
326 3857 419 3901 terram
431 3847 487 3897 dico
501 3856 524 3898 ιι
538 3848 632 3913 ipro-ut,
645 3848 728 3916 po'ut‘a
743 3864 765 3910 e,
784 3849 831 3901 uisi
846 3849 945 3904 duobus
997 3850 1067 3918 quod
1090 3853 1136 3915 ait,
1152 3858 1197 3903 uui
1220 3865 1314 3901 utersm
1337 3849 1462 3902 deducunt
1484 3846 1597 3915 pondero
1617 3857 1707 3897 terror.
1729 3839 1783 3896 Soti

155 3917 244 3968 ritediis
262 3917 327 3968 onis
343 3923 367 3968 ei
381 3930 455 3984 aqum
468 3916 574 3968 ateihas
584 3917 765 3986 jungeremur.
788 3917 815 3970 iu
832 3919 873 3973 his
888 3920 943 3974 lla·
997 3933 1057 3973 cum
1074 3935 1123 3974 nos
1135 3919 1279 3975 seeundum
1294 3917 1466 3972 astronomis
1486 3925 1665 3983 praeceptores
1679 3913 1713 3966 de
1725 3924 1783 3965 attt-

155 3984 238 4039 rrobii
259 3985 347 4040 tterbis
371 3995 452 4054 patet,
470 3985 519 4039 uisi
535 3985 624 4052 hullor,
639 3986 702 4056 quid
717 3988 751 4041 sit
766 3990 877 4042 satureris
891 3990 943 4044 ele·
998 3989 1140 4052 bituradi,
1156 4003 1210 4056 quo
1233 3998 1342 4050 terrant,
1359 3987 1421 4040 licet
1440 3999 1486 4052 por
1505 3985 1669 4051 amplissima
1691 3991 1718 4034 et
1733 3982 1785 4033 int·

156 4065 239 4107 utrum
251 4057 326 4127 liqna.
997 4059 1187 4113 mensurabilia
1196 4059 1291 4126 spatia,
1305 4065 1398 4124 pittant
1410 4056 1528 4122 aridique
1538 4051 1720 4118 cirruotcingi,
1733 4049 1783 4103 ali·

191 4126 217 4179 a.
237 4126 313 4193 Quod
328 4133 417 4179 atttcnt
433 4125 563 4196 sequitur,
581 4136 609 4180 nt
631 4127 728 4197 frigora
743 4129 943 4198 prominere,
996 4128 1059 4198 quid
1073 4129 1252 4196 disputamus,
1265 4126 1336 4180 absit
1349 4135 1377 4179 ut
1389 4139 1438 4178 uos
1449 4125 1590 4192 quisquam
1603 4121 1645 4173 rel
1656 4121 1785 4200 booron*

154 4195 231 4252 facile
245 4198 356 4265 intelligi
372 4204 458 4266 potest
473 4215 479 4250 :
492 4197 586 4250 rodem
608 4198 682 4252 euim
695 4214 809 4255 nurnero
822 4215 875 4269 quo
888 4202 944 4271 ipsa
998 4200 1113 4253 teutiose
1134 4208 1266 4261 astruere,
1285 4196 1328 4250 rel
1343 4194 1530 4273 antipodarum
1547 4191 1649 4246 tabulas
1661 4201 1783 4256 recipere

154 4268 297 4333 elementa,
311 4283 326 4322 e
339 4269 390 4321 iant
411 4267 528 4335 ipsorum
545 4267 703 4324 dillerentite
725 4269 863 4325 constant.
878 4272 943 4327 haro
996 4271 1153 4331 arbitretur,
1164 4284 1223 4337 squar
1235 4277 1297 4320 sunt
1309 4266 1370 4320 lldci
1384 4265 1542 4319 christiane
1554 4261 1662 4316 omnino
1673 4266 1784 4312 contra·

154 4347 181 4389 ει
207 4338 271 4406 ipsos
294 4346 356 4391 suut
378 4347 502 4405 quatuor,
526 4336 609 4407 lrigus
634 4348 661 4392 ει
681 4339 766 4404 calor,
787 4341 895 4396 siccitas
917 4351 945 4397 et
997 4341 1036 4394 ria
1052 4339 1104 4410 (a).
1128 4339 1297 4407 Quapropter
1317 4338 1397 4391 etiam
1426 4333 1565 4401 sequentia
1591 4332 1703 4411 istorum
1728 4339 1785 4382 rer·

156 4406 410 4476 homorrqutudutn
423 4408 492 4461 biuae
505 4408 665 4476 persingula
680 4410 813 4465 elementa
828 4411 942 4468 tor-irem
997 4425 1087 4476 suum,
1112 4410 1209 4481 quibus
1227 4405 1394 4478 philosophia
1418 4404 1489 4458 ιειιιι
1507 4404 1591 4473 ipsam
1612 4400 1783 4472 Distuttatent

155 4489 270 4543 coeunt,
294 4488 383 4546 aptatu
409 4478 551 4545 quamdam
583 4481 843 4535 eritreateuatiooem
862 4483 942 4537 etiam
999 4483 1147 4536 invocando
1162 4479 1315 4548 alloquitur,
1335 4491 1394 4532 cunt
1409 4472 1506 4544 ingenti
1529 4470 1653 4541 scrupulo
1667 4475 1783 4524 tractare

154 4547 272 4611 ipsorum
301 4563 360 4616 quae
383 4550 517 4601 cotttraria
550 4549 673 4603 ridentur
701 4550 833 4606 elliciuut.
859 4553 942 4608 i'etbt
998 4542 1783 4621 aggredimnrstnatimequiabaccadinstruetiouemre·
1818 4553 1822 4559 ’

153 4619 248 4683 gratia,
263 4628 317 4671 uta
342 4624 411 4671 tetra
432 4632 492 4686 quae
515 4620 604 4672 iuhnta
619 4633 660 4674 est
675 4621 811 4688 incipiam,
827 4628 943 4678 bactra·
998 4623 1100 4692 ligiosas
1126 4619 1339 4675 conuersationis
1365 4615 1479 4683 lideique
1506 4628 1558 4667 nrtt
1582 4613 1725 4694 pertinent.
1749 4607 1785 4664 tn

154 4697 211 4738 tura
227 4697 267 4741 est
282 4689 351 4747 sicca
366 4696 393 4741 ει
411 4688 505 4755 lrigirla
519 4691 579 4743 :cui
602 4692 726 4755 quoniam
748 4708 795 4745 aer
817 4691 943 4749 humidas
997 4693 1152 4760 quoniame
1173 4704 1193 4745 s.
1203 4688 1323 4743 rotandis
1336 4685 1433 4743 divine
1454 4684 1519 4754 legis
1538 4698 1654 4749 arcanis,
1669 4691 1783 4750 quorum

153 4767 179 4809 et
197 4757 300 4811 calidus
322 4758 472 4812 contrarios
487 4768 539 4821 est,
556 4760 642 4813 media
660 4762 730 4814 inter
743 4774 789 4815 eos
804 4762 888 4830 posita
900 4773 944 4819 est
997 4762 1139 4817 dulcedine
1152 4761 1202 4830 pire
1213 4766 1316 4812 tuentes
1330 4757 1356 4812 in
1370 4757 1418 4809 hac
1429 4756 1482 4808 rita
1494 4755 1583 4807 satiari
1596 4767 1648 4806 nou
1660 4756 1783 4821 possunt,

153 4841 220 4894 aqua
237 4827 253 4881 h
262 4828 330 4896 igida
347 4838 374 4882 et
392 4829 511 4892 ltuurida,
526 4846 585 4897 quo
609 4840 687 4884 terrae
708 4830 808 4897 lrigors
823 4835 878 4887 aeri
894 4834 943 4887 hu·
999 4834 1039 4887 his
1053 4833 1191 4886 inutilibus
1206 4829 1248 4883 rel
1268 4827 1300 4882 ad
1316 4827 1448 4881 modicum
1468 4826 1563 4880 intenti
1587 4823 1784 4892 propositarum

154 4913 228 4951 rurore
251 4899 426 4952 connectitur.
457 4898 522 4953 hem
544 4901 605 4968 quia
630 4900 684 4969 igni
709 4901 797 4955 calido
820 4912 847 4958 ct
870 4904 943 4959 sicco
998 4914 1086 4958 tamen
1097 4904 1119 4956 si
1129 4896 1556 4956 dulcissimaedrle'ctirtnisuestrae
1566 4894 1694 4949 uoluntati
1706 4893 1786 4947 satia-

152 4980 280 5035 aquarom
304 4977 399 5022 natura
426 4967 520 5039 lrigida
545 4982 572 5024 et
596 4970 704 5024 hurrtida
731 4981 878 5042 repugnat,
899 4974 943 5031 his
999 4968 1420 5043 lecero,nequaquaminutilitrr
1433 4966 1571 5020 laboratae
1586 4964 1785 5019 mestistitttot

153 5038 310 5103 interjectus
322 5054 380 5106 aer,
395 5041 471 5107 aquis
484 5041 608 5104 humore,
623 5042 675 5111 igni
689 5041 942 5113 colorecopulatu'r.
999 5044 1149 5115 praesertim
1169 5058 1229 5097 eum
1253 5040 1322 5095 sicut
1343 5050 1415 5107 sarpa
1439 5035 1552 5090 dicenda
1574 5042 1638 5088 strnt
1658 5031 1786 5088 salutatio

153 5107 223 5174 iguis
245 5124 351 5178 quoque
372 5109 443 5163 sicut
457 5123 471 5162 a
489 5120 558 5164 terra
575 5112 663 5166 calore
682 5111 849 5181 disparatur,
863 5115 903 5171 sic
917 5119 943 5174 ei
998 5129 1058 5185 qaae
1068 5123 1219 5176 teneantur,
1230 5111 1270 5166 sic
1279 5109 1412 5164 interdum
1423 5106 1536 5161 dicenda
1546 5115 1609 5160 sunt
1617 5105 1697 5159 etiam
1706 5103 1786 5158 ιιιιειι

152 5180 273 5234 siccitate
287 5180 442 5235 concordat.
466 5182 560 5234 lhnuia
576 5182 657 5251 igitur
669 5183 803 5237 elementa
817 5199 879 5240 eunt
892 5186 944 5240 dil·
998 5192 1058 5255 qun
1074 5186 1201 5240 vitentur.
1225 5181 1271 5236 Sic
1295 5180 1375 5249 igitur
1399 5187 1543 5248 sequentes
1564 5177 1787 5231 sersiettlos'cunt

153 5249 273 5302 lereutiis
296 5252 352 5305 suis
375 5260 448 5304 certa
471 5265 642 5306 numerorum
666 5252 724 5321 lege
745 5255 846 5310 variata
862 5265 942 5328 atque
998 5264 1097 5324 quauta
1123 5265 1219 5325 potero
1238 5252 1368 5305 brevitate
1383 5258 1578 5309 transcurram,
1594 5254 1624 5300 ut
1644 5254 1696 5299 ttoo
1715 5241 1788 5325 qood

152 5319 293 5384 disposita,
307 5320 369 5374 dum
385 5322 518 5376 eotrtraria
533 5321 708 5388 errorordant,
725 5332 752 5377 ει
768 5326 943 5396 repugnantia
999 5326 1077 5380 nobis
1087 5320 1294 5394 approbandum
1313 5319 1504 5375 sectandumve
1523 5318 1568 5380 sit,
1580 5317 1627 5371 sed
1641 5314 1712 5384 quod
1728 5314 1790 5384 pltr-

152 5389 327 5455 toedrrautm,
354 5391 531 5444 indissolubili
556 5392 664 5447 sibimet
688 5407 761 5447 nexu
784 5395 943 5464 tigataiun-
1000 5392 1353 5461 losophiabrietiiseuserit,
1371 5387 1604 5457 iutelligilaciam.
1733 5455 1736 5460 ι
1770 5391 1773 5399 “

151 5472 259 5525 guntur.
275 5460 351 5516 Unde
364 5462 466 5514 nullom
481 5463 536 5515 lere
551 5473 810 5531 terreumeorpus,
823 5467 940 5534 quandiu
1036 5464 1079 5520 ld.
1099 5463 1140 5517 Tu
1155 5463 1262 5531 triplicis
1277 5460 1398 5522 attediout,
1414 5469 1467 5514 etot
1482 5457 1636 5526 Philosophi
1652 5468 1732 5509 uttam
1748 5462 1776 5508 io

152 5532 300 5584 staturaleru
312 5532 353 5584 sui
364 5541 462 5584 statum
475 5533 587 5597 ohtiurt,
596 5533 697 5602 absque
709 5535 820 5589 istorum
832 5547 943 5663 coapta·
999 5537 1051 5590 tius
1063 5534 1154 5588 mosidi
1166 5544 1289 5600 uraguam
1298 5530 1424 5585 uidelicet
1434 5528 1551 5583 auituam
1562 5528 1693 5588 dicentes,
1704 5525 1789 5582 motta

152 5600 224 5654 tione
237 5601 369 5655 coassistit.
385 5601 461 5668 Qrtod
483 5602 544 5669 quia
562 5618 628 5667 petre
641 5603 768 5659 omnibus
782 5616 865 5676 patet,
900 5607 943 5666 trie
998 5608 1033 5661 de
1043 5604 1101 5673 ejus
1111 5603 1200 5659 diriua
1214 5601 1328 5670 quadarn
1345 5611 1440 5656 natura
1454 5608 1535 5668 atque
1547 5598 1666 5668 potentia
1679 5608 1731 5653 uon
1745 5604 1790 5650 ro·

151 5671 372 5726 deruoustrationi
388 5675 617 5740 supersedendum
631 5675 759 5729 arltitror.
1000 5676 1118 5732 outtdutn
1140 5672 1289 5738 tentarent,
1311 5672 1358 5726 sed
1379 5670 1527 5727 secundum
1550 5669 1706 5740 opiniotrottt
1727 5668 1792 5726 'ado-

190 5786 225 5857 'ol
247 5786 286 5843 sit
300 5786 375 5843 uenia
390 5786 558 5856 tcrrtpotibus.
