3946 6186
163 309 197 369 89
634 308 668 365 ΙΝ
687 303 912 367 eourutlttttlt
932 299 1252 362 oouutttrttttotrutt
1271 302 1337 363 ΗΒ.
1356 296 1389 361 ΙΙ.
1762 302 1797 359 ald

163 422 266 482 ltomm
279 425 401 481 omnium
411 425 438 481 in
448 425 498 481 lrac
511 424 627 482 εεειιιιιιι
640 427 746 497 generis
760 424 955 497 significatione
968 427 996 485 Α
1007 424 1178 497 generationis
1196 424 1351 494 principium
1365 466 1373 491 ,
1402 422 1492 478 dcitur
1518 424 1595 479 etionr
1613 435 1637 479 et
1657 423 1796 479 multitado

165 514 221 571 duo
235 514 361 587 quaedum
375 530 406 571 cs
421 516 557 572 alterutris
579 517 691 572 assumit
706 532 765 586 qum
779 520 812 571 ad
825 515 955 588 signitica·
1007 534 1094 572 eoram
1106 520 1150 589 qui
1162 527 1222 572 sunt
1232 516 1264 573 oi
1279 532 1330 570 uno
1343 518 1481 589 principio,
1496 527 1525 573 ru
1546 534 1563 572 e
1588 514 1707 584 Romulo,
1719 534 1797 589 quest

165 606 268 663 tionem
282 609 387 680 generis
401 607 558 663 ridebantur
568 608 779 669 accommodata.
794 608 833 664 Es
845 608 886 664 lus
896 609 956 679 qui·
1006 611 1146 665 dividentes
1155 621 1180 665 ει
1188 610 1218 663 ni
1227 609 1285 664 otiis
1296 618 1444 682 soporantes
1456 609 1602 667 dicebamur
1612 626 1714 668 omnem
1723 610 1797 665 iilum

164 698 228 755 dem
243 704 331 755 musis
344 714 403 771 quae
418 699 573 770 principalia
584 709 655 765 stunt,
671 699 837 765 cdcctirmm
862 715 894 755 er
914 699 969 781 lais¹
1006 704 1179 758 collectionem
1194 719 1247 758 esse
1259 702 1535 773 Romanorumqenur.

164 805 231 847 sero
240 806 300 861 quae
312 791 472 859 accidentia,
486 792 574 847 locum
588 810 596 846 ε
608 794 646 847 ιιι
657 793 740 859 enim,
755 809 841 865 genus
856 794 955 850 dicitur
1041 796 1143 850 Sensus
1156 795 1242 850 facilis
1256 805 1283 852 et
1297 793 1438 863 expeditus
1454 802 1505 860 εει,
1525 792 1548 850 si
1562 801 1653 853 tantm
1666 795 1791 867 ambigui

164 893 193 938 et
206 898 222 938 a
234 898 286 953 qno
295 882 354 952 quis
363 881 473 955 genitus
485 892 539 954 est,
554 899 615 953 qua
629 896 671 939 εει
681 883 804 941 edectira
817 886 953 955 principa·
1006 895 1048 942 tas
1061 903 1112 941 ιιιιι
1128 886 1264 942 solvatur:
1277 901 1337 942 cum
1351 885 1422 943 enim
1434 886 1509 957 prius
1523 886 1702 944 multitudinis
1712 886 1798 959 sigul-

163 978 227 1034 lium
247 992 338 1046 cerasa,
351 988 380 1034 et
395 979 489 1050 inquo
503 978 690 1049 quislocoest
704 990 871 1050 procreatus,
893 995 955 1051 qure
1005 982 1157 1039 dicationem
1178 982 1300 1037 rctulerit
1313 979 1346 1036 ad
1361 980 1467 1052 generis
1487 995 1598 1045 nomen,
1624 990 1685 1052 post
1705 991 1796 1039 sutem

161 1080 203 1127 εει
213 1069 339 1125 accidens
353 1085 436 1126 causa
450 1067 583 1140 principii.
598 1070 690 1141 ltaque
711 1069 769 1128 lucc
781 1072 901 1128 secunda
913 1072 953 1128 si·
1005 1075 1038 1131 ad
1052 1076 1246 1145 procreationis
1258 1074 1373 1140 initium,
1388 1088 1459 1131 nunc
1469 1083 1559 1130 autem
1568 1074 1704 1130 contrario
1715 1073 1798 1129 modo

159 1163 295 1236 gnillcatio
309 1163 364 1220 duo
377 1165 507 1229 continet.
527 1180 589 1220 eum
609 1181 624 1219 a
645 1180 700 1238 quo
713 1167 774 1236 quis
797 1175 953 1236 proeresius
1004 1172 1078 1226 illam
1095 1170 1194 1240 priusa
1209 1185 1239 1226 se
1253 1169 1448 1225 dinumeratam
1463 1168 1686 1238 significationem
1707 1152 1812 1225 ιιειιεΙ

159 1268 213 1321 εει.
226 1266 254 1313 ει
268 1257 357 1313 ιιειιε
371 1257 398 1312 in
413 1272 467 1328 qno
478 1256 539 1328 quis
552 1255 650 1321 editus,
668 1266 696 1312 ut
706 1260 831 1327 exemplo
845 1273 953 1329 quoque
1004 1263 1121 1328 ridetur,
1136 1277 1197 1334 quae
1208 1272 1252 1318 est
1268 1261 1462 1330 procreationis
1475 1278 1483 1330 ;
1500 1261 1574 1316 illam
1587 1275 1652 1317 tero
1663 1260 1797 1332 posterio-

159 1349 359 1407 slcmonstraol.
373 1350 494 1407 Orestem
508 1350 580 1408 enim
591 1348 706 1407 dicimus
717 1366 732 1408 a
742 1352 857 1408 Tantalo
868 1366 953 1424 genus
1004 1372 1073 1419 rem.
1086 1371 1148 1428 quae
1161 1362 1204 1411 εει
1226 1354 1419 1423 ιιιιιΙιιιιιιΙιιιιε,
1434 1354 1506 1425 quod
1533 1354 1697 1410 contrariom
1710 1354 1796 1412 rideri

159 1442 272 1500 ducere.
287 1444 417 1502 Tantalus
430 1445 528 1517 quippe
550 1444 687 1517 Pelopen,
709 1445 806 1517 Pelops
824 1449 952 1513 Atreum,
1004 1458 1103 1520 potest,
1115 1449 1208 1520 siquis
1220 1448 1253 1505 ad
1267 1448 1390 1505 ordinem
1405 1448 1529 1520 superius
1551 1448 1663 1520 digesta
1674 1446 1796 1518 disputa·

159 1538 260 1593 Atreus
269 1538 505 1609 Agamemnonem,
519 1538 704 1610 Agamemnon
716 1539 807 1610 genuit
817 1539 950 1596 Orestem.
1004 1544 1085 1599 tionis
1098 1542 1243 1613 aspexerit.
1264 1541 1318 1597 Sed
1332 1540 1442 1598 hicnon
1455 1541 1529 1598 dese
1548 1540 1675 1612 loquitor,
1699 1539 1748 1597 sed
1761 1538 1797 1599 ds

160 1626 256 1700 ltaque
269 1642 288 1685 a
300 1630 485 1699 procreatione
497 1645 582 1703 genus
595 1630 647 1686 hoc
658 1629 758 1687 dictum
773 1639 826 1688 εει.
838 1633 875 1688 Αι
887 1645 952 1688 tero
1003 1635 1112 1692 ltumani
1131 1632 1325 1690 consuetudine
1349 1633 1493 1697 sermonis,
1518 1632 1545 1687 in
1571 1642 1625 1703 quo
1646 1630 1720 1703 prius
1732 1646 1795 1688 eam

160 1720 306 1778 Pindarum
319 1722 434 1780 dicimus
445 1722 681 1791 essc'llrelranum,
690 1724 805 1789 scilicet,
821 1723 949 1795 quoniam
1003 1726 1225 1798 significationem
1236 1725 1343 1797 generis
1357 1724 1439 1781 ιιιεεε
1449 1723 1526 1790 dicit,
1538 1739 1598 1795 qum
1610 1738 1624 1778 a
1636 1732 1796 1796 procreante

159 1813 262 1872 Tloelris
280 1815 370 1874 editus
384 1818 437 1874 tale
451 1819 558 1891 generis
572 1834 671 1875 nomen
685 1820 803 1890 accepit:
819 1819 867 1875 sed
885 1833 951 1890 quo-
965 1817 989 1878 B
1002 1822 1037 1878 sit
1051 1821 1146 1889 ducta,
1160 1821 1306 1877 accedente
1319 1835 1385 1876 acro
1397 1829 1477 1875 aetate
1488 1833 1537 1874 usu
1555 1816 1681 1889 loquendi
1696 1830 1795 1875 nomes

158 1909 231 1964 niam
241 1908 379 1967 diversum
390 1918 433 1967 εει
444 1911 594 1985 iliudaqoo
604 1911 717 1984 quisque
728 1924 885 1983 procreatus
897 1924 949 1981 est,
1001 1917 1109 1987 generis
1121 1916 1201 1971 etiam
1217 1915 1250 1970 ad
1264 1913 1463 1970 multitudinem
1475 1913 1618 1968 habentem
1634 1927 1665 1968 se
1678 1913 1795 1984 quodam

158 2012 188 2057 et
201 2003 277 2058 locus
291 2003 383 2074 inquo
395 2006 456 2074 quis
475 2003 564 2060 editos
578 2011 636 2071 est,
650 2003 756 2060 diversa
771 2003 952 2059 videturesse
1002 2006 1082 2062 modo
1094 2006 1127 2062 ad
1139 2008 1253 2076 aliquem
1267 2005 1350 2061 luisse
1364 2004 1534 2060 trauslatum.
1550 2002 1608 2059 lloc
1619 2018 1683 2057 uero
1694 2002 1796 2060 idcirco

160 2094 267 2164 generis
280 2093 441 2166 significatio
460 2096 626 2165 procreantis
648 2108 675 2151 et
696 2098 757 2163 ioci,
773 2112 852 2166 quam
869 2097 896 2153 in
908 2112 952 2154 se·
1002 2099 1081 2165 dixit,
1095 2100 1221 2169 quoniam
1236 2097 1359 2168 superius
1373 2098 1496 2153 dixerat:
1520 2095 1578 2152 haec
1602 2094 1672 2150 enirn
1690 2095 1797 2151 uidetur

158 2183 245 2239 conda
258 2194 334 2256 parte
344 2199 506 2243 enumerans
515 2201 596 2242 onem
609 2187 683 2244 lecit.
703 2187 755 2244 Sed
767 2202 801 2243 nc
817 2188 952 2243 rideretur
1002 2207 1063 2247 esse
1074 2190 1272 2261 promptissima
1285 2187 1457 2259 significatio,
1467 2194 1496 2242 ut
1506 2184 1793 2254 abhomideusecun·

158 2274 257 2345 duplex
278 2276 440 2349 signiticatio
463 2279 589 2350 generis,
605 2294 654 2351 per
673 2280 872 2336 similitudinem
887 2295 952 2336 con-
1002 2284 1048 2351 da,
1063 2299 1142 2353 quam
1160 2282 1387 2352 promptissimam
1401 2293 1463 2335 esse
1475 2278 1697 2349 significationem
1713 2279 1793 2345 dixit,

158 2363 245 2437 luroris
258 2367 376 2425 diceus:
404 2370 509 2427 Etenim
523 2372 607 2441 patria
621 2373 781 2444 principium
800 2383 841 2429 εει
857 2374 952 2429 unius·
1003 2377 1047 2431 illo
1063 2391 1169 2447 quoque
1184 2383 1336 2443 nuncupata
1347 2373 1498 2439 rideretur,
1520 2387 1580 2443 qum
1599 2371 1795 2435 multitudinis:

161 2460 290 2532 cujusque
305 2462 498 2534 generationis,
512 2464 739 2536 quemadmodum
753 2472 781 2523 ει
795 2475 881 2536 pater.
896 2464 951 2522 Sed
1004 2468 1077 2540 prins
1089 2469 1162 2524 enim
1175 2482 1260 2538 genus
1271 2468 1340 2523 inter
1352 2465 1475 2521 immines
1485 2465 1647 2536 appellatum
1659 2475 1712 2530 est,
1723 2462 1797 2535 quod

161 2553 290 2621 quoniam
307 2553 335 2608 in
348 2554 590 2624 significationibus
609 2555 699 2614 ειειιιι
712 2572 784 2624 saepe
803 2566 832 2611 ut
849 2554 953 2628 aliquid
1004 2563 1093 2634 quiea
1107 2572 1253 2633 generante
1269 2560 1430 2626 deduceret;
1448 2567 1509 2630 post
1530 2567 1619 2613 nutem
1635 2556 1733 2614 lactum
1755 2563 1798 2615 εει

161 2645 198 2698 ιιι
213 2645 285 2715 quod
311 2646 460 2704 intellectui
472 2649 628 2721 signiucatoe
641 2650 682 2707 rel
693 2650 871 2722 propinquum
892 2665 953 2706 esse
1004 2664 1033 2712 ut
1049 2670 1096 2727 per
1106 2653 1234 2726 loquendi
1247 2669 1325 2709 usum
1339 2655 1420 2710 etiam
1436 2650 1662 2707 multitudinisad
1676 2649 1795 2720 aliquem

160 2737 297 2805 rideatur,
312 2742 494 2812 quoniamque
518 2741 584 2800 duas
601 2744 709 2815 generis
729 2741 953 2817 apposuitsigni·
1003 2745 1203 2816 quodammodo
1214 2760 1245 2800 se
1260 2743 1386 2800 habentis
1412 2756 1498 2814 genus
1525 2741 1661 2799 diceretur
1688 2752 1798 2813 propter

161 2830 310 2901 ductiones,
327 2836 507 2894 multitudinis
530 2837 635 2894 scilicet
654 2847 682 2895 ει
705 2839 892 2910 procreantis.
909 2836 953 2893 cui
1004 2841 1173 2908 divisionem,
1189 2838 1293 2894 scilieet
1311 2835 1442 2908 gentium,
1471 2841 1500 2889 ut
1518 2844 1590 2890 esset
1603 2835 1673 2889 inter
1686 2848 1734 2889 eas
1747 2847 1798 2890 no·

161 2926 266 2995 generis
280 2942 378 2984 nomen
397 2930 604 2989 conuenientius
626 2940 734 3001 aptetur
751 2930 853 3002 judicat
873 2937 954 2998 atque
1004 2934 1085 2989 mitris
1097 2930 1288 2999 societatisque
1298 2926 1435 2983 discretio.
1448 2924 1497 2980 llis
1506 2924 1586 2992 igitur
1596 2924 1712 2996 expietis
1722 2922 1797 2979 venis

162 3019 298 3092 discernit,
315 3021 419 3089 dicens,
434 3023 504 3080 hauc
518 3039 581 3082 esse
604 3025 832 3097 promptissimam
847 3023 955 3098 generis
1006 3025 1114 3083 tertium
1137 3035 1224 3094 genus
1250 3019 1322 3091 quod
1348 3018 1420 3076 luter
1449 3014 1626 3088 plailosoplros
1654 3023 1797 3082 tractatur,

160 3112 397 3184 significationem,
421 3132 481 3189 qum
502 3131 521 3174 a
544 3129 705 3189 procreante
723 3117 836 3175 deducta
858 3118 908 3182 sit;
927 3116 954 3172 hl
1005 3120 1083 3192 cujus
1108 3117 1140 3174 ad
1155 3116 1325 3173 dialecticam
1353 3112 1507 3169 facultatem
1533 3109 1633 3165 multus
1654 3123 1719 3165 ιιειιε
1744 3116 1797 3172 est,

162 3206 233 3260 euim
248 3208 363 3263 maxime
376 3208 604 3280 cecropidaesunt
614 3210 661 3280 qui
675 3225 691 3265 a
705 3208 825 3279 Cecrope
842 3192 990 3266 descen-C
1005 3212 1101 3267 luorum
1127 3211 1227 3282 quippe
1252 3220 1379 3280 generum
1405 3201 1518 3259 historia
1533 3201 1620 3274 magis
1643 3200 1684 3259 rel
1708 3199 1798 3273 poesis

161 3298 244 3365 dont,
261 3300 288 3355 lri
304 3298 417 3357 Romani
432 3305 479 3374 qui
497 3318 512 3357 a
532 3303 671 3361 Romulo:
687 3320 748 3375 quoe
760 3320 822 3361 cum
836 3305 873 3360 ita
884 3305 951 3374 sint,
1004 3312 1101 3359 tractat
1115 3301 1268 3358 exordium.
1290 3298 1412 3356 Tertium
1438 3311 1505 3353 nero
1519 3309 1604 3368 genus
1617 3294 1688 3367 apud
1710 3294 1798 3366 philo·

161 3388 286 3446 conlundi
302 3406 396 3448 utrsus
409 3393 517 3464 generis
539 3394 751 3468 significationes
772 3396 907 3453 ridentur.
923 3397 953 3453 st
1003 3397 1103 3467 soplros
1117 3396 1313 3460 consideratur,
1327 3392 1362 3450 dc
1375 3408 1430 3465 quo
1445 3392 1498 3449 lroc
1511 3391 1593 3448 modo
1607 3390 1741 3463 loquitur:

161 3482 231 3538 enim
245 3495 309 3541 auru
324 3485 351 3540 iri
361 3488 480 3544 maxime
488 3488 603 3544 Romani
614 3488 659 3561 qui
671 3489 810 3546 allomulo
821 3490 952 3562 originem
1038 3489 1215 3544 dliternutem
1228 3503 1319 3543 rursus
1347 3486 1441 3541 dicitur
1464 3502 1555 3558 genus,
1585 3486 1627 3540 cui
1641 3481 1798 3555 supponitur

162 3574 282 3643 trahunt,
297 3586 324 3632 et
339 3577 396 3634 llaec
409 3579 623 3652 signilloetioest
635 3580 681 3637 illa
693 3596 753 3653 quae
765 3597 781 3638 a
795 3593 954 3650 procreante
1003 3584 1151 3655 iporiensi
1161 3583 1254 3638 iorum
1262 3579 1685 3655 tortassesimilitudinemdictum.
1694 3575 1799 3632 Etenim

161 3666 314 3735 deducitur,
325 3669 370 3726 obi
381 3682 421 3727 est
436 3672 536 3743 reliqua
549 3689 629 3745 quam
642 3674 755 3745 primam
765 3689 872 3746 quoque
883 3689 953 3729 euu-
1004 3677 1160 3751 principiam
1170 3677 1304 3749 quoddam
1322 3682 1359 3729 est
1381 3672 1529 3745 hujusmodi
1546 3685 1726 3746 geneseorum
1739 3680 1799 3739 qttae

162 3761 287 3826 meraris,
301 3764 601 3830 quaeestmult'uudinis
615 3766 648 3821 ad
663 3782 745 3822 onum
758 3774 786 3822 ει
798 3765 873 3822 adse
885 3766 955 3823 inui-
1004 3769 1051 3825 sui
1072 3770 1129 3833 ipso
1154 3779 1213 3823 runt
1234 3767 1386 3839 specierum,
1412 3764 1562 3835 videturque
1583 3775 1606 3819 et
1628 3777 1730 3818 omnem
1743 3776 1799 3818 nst

165 3863 224 3904 cem
237 3850 435 3917 quodammodo
449 3868 478 3910 ιε
493 3856 647 3912 tabentium
660 3856 808 3914 collectio?
822 3856 875 3913 Sed
888 3872 954 3914 ecu-
1004 3862 1196 3918 moltitndinem
1208 3860 1337 3914 continere
1351 3874 1409 3930 σιω
1421 3859 1468 3912 rui
1481 3857 1537 3929 ipso
1553 3866 1614 3913 sunt
1627 3857 1778 3928 specierum.

166 3941 218 3996 rios
234 3942 401 4002 intuentibus
414 3946 534 4016 plurimae
548 3949 693 4008 admodum
709 3951 869 4008 diderentiae
880 3962 953 4009 sont.
1042 3954 1179 4025 Duplicem
1194 3952 1419 4025 signillcationem
1429 3949 1536 4020 generis
1549 3962 1630 4018 supra
1646 3948 1797 4018 proposuit,

163 4034 244 4091 Aliud
260 4038 332 4093 euim
348 4047 416 4095 esta
437 4041 555 4112 quolibet
573 4046 662 4115 primo
686 4054 845 4116 procreante
869 4061 956 4118 genos
1007 4063 1079 4104 nunc
1092 4047 1201 4102 tertiam
1217 4054 1370 4101 monstrare
1382 4041 1532 4097 contendit.
1559 4039 1633 4096 lianc
1647 4049 1736 4096 arrrem
1765 4040 1800 4102 sd

163 4127 309 4199 deducere,
323 4132 394 4189 aliud
408 4149 491 4190 unum
504 4152 589 4209 genus
603 4153 665 4195 esse
680 4139 868 4209 plurimorum.
886 4137 955 4195 lllud
1006 4139 1175 4209 superiorum
1201 4135 1404 4193 similitudinem
1431 4132 1532 4190 dictam
1552 4146 1615 4190 esse
1640 4133 1797 4190 arbitrator.

163 4221 235 4277 enim
250 4234 409 4292 porrectam
422 4229 561 4301 sangoinis
578 4229 675 4286 lineam
690 4229 748 4286 lteri
763 4239 888 4300 potestet
901 4246 955 4287 uon
1006 4210 1135 4300 snperto's
1149 4237 1240 4285 autem
1255 4227 1335 4284 dictae
1346 4226 1556 4299 significationes
1569 4224 1629 4282 dum
1643 4236 1716 4293 sunt,
1746 4240 1798 4283 ιιιιι

164 4314 190 4369 ιιι
203 4316 285 4371 ιιιιιΙιι
303 4316 427 4386 didondi,
441 4329 470 4377 ut
482 4322 505 4378 si
518 4336 567 4392 per
579 4323 672 4379 unicos
683 4321 784 4378 iatnilia
794 4325 971 4392 descendam.
1006 4322 1115 4394 quidem
1129 4336 1191 4378 com
1204 4321 1311 4393 generis
1324 4335 1421 4375 nomen
1445 4317 1561 4392 quodam
1581 4318 1705 4390 principii
1727 4319 1799 4376 autl-

164 4407 227 4466 uuic
247 4410 318 4466 enim
333 4422 441 4482 aptatur
461 4415 578 4471 secunda
594 4414 639 4471 illa
653 4416 759 4485 generis
779 4416 954 4489 significatio,
1007 4416 1108 4487 quitate
1121 4414 1155 4471 ad
1170 4413 1328 4486 sejunctam
1340 4414 1538 4470 multitudinem
1549 4414 1720 4481 contineret;
1744 4412 1801 4471 alis

166 4516 225 4573 ane
243 4518 258 4558 a
277 4516 435 4573 procreante
449 4507 602 4578 deducitur,
615 4510 700 4581 prima
714 4524 778 4565 sero
793 4510 835 4565 illa
848 4512 955 4567 nonnisi
1007 4526 1082 4575 uero,
1096 4524 1156 4566 cum
1169 4524 1255 4579 genus
1267 4508 1301 4563 ab
1324 4522 1497 4579 unoquoque
1511 4515 1670 4579 procreante
1684 4506 1800 4564 ducere·

167 4594 193 4650 in
208 4595 378 4654 multitudine
391 4599 525 4656 consistit.
543 4601 610 4656 tttod
621 4611 776 4672 quoqueest
788 4602 859 4672 quod
870 4603 955 4672 prima
968 4586 997 4649 Ῑ)
1009 4612 1061 4669 tur,
1073 4601 1144 4672 quod
1162 4615 1255 4656 eorum
1279 4614 1341 4672 qure
1364 4608 1541 4668 procreantur
1556 4598 1714 4669 principium
1744 4608 1799 4655 est.

166 4694 362 4761 procreationis
384 4695 547 4767 principium
571 4711 626 4752 non
647 4698 757 4766 quaerit,
782 4697 829 4752 sed
844 4699 886 4771 (ut
899 4698 957 4768 ipse
1007 4694 1074 4749 Cum
1089 4693 1170 4762 igitur
1182 4693 1238 4747 sint
1251 4690 1376 4761 superius
1390 4689 1450 4745 dum
1464 4689 1571 4761 generis
1586 4690 1800 4760 significationes

166 4784 215 4855 ait)
230 4785 327 4842 suflicit
339 4786 428 4857 aliquo
443 4788 524 4843 modo
534 4802 564 4844 se
575 4788 673 4844 labere
684 4790 718 4845 ad
734 4789 760 4845 td
783 4788 853 4845 uude
868 4788 958 4861 hujus·
1007 4784 1163 4857 propositor,
1176 4783 1284 4839 tertium
1301 4797 1372 4839 nunc
1386 4783 1460 4839 addit
1479 4784 1514 4839 de
1527 4799 1581 4855 quo
1594 4785 1665 4843 inter
1680 4785 1800 4857 philoso-

165 4876 236 4931 motii
248 4878 355 4949 generis
363 4879 523 4950 principium
534 4880 648 4936 sumitur
659 4880 794 4939 :rceunda
804 4881 958 4953 uerosigni·
1009 4878 1076 4948 ptos
1088 4892 1178 4934 sermo
1190 4885 1242 4947 est,
1254 4876 1321 4935 illud
1332 4876 1436 4932 scilicet
1453 4876 1497 4933 coi
1507 4878 1668 4950 supponitur
1682 4880 1800 4951 species,

164 4967 253 5026 dcatio
266 4972 367 5027 rrtrllam
381 4971 435 5027 rim
449 4972 501 5028 nisi
515 4987 531 5028 ι
545 4983 702 5042 procreante
717 4974 839 5029 sortitur.
851 4974 917 5030 ltcm
928 4975 957 5028 in
1008 4969 1079 5040 quod
1094 4968 1195 5026 idcirco
1209 4984 1293 5042 genus
1305 4978 1429 5027 uocatum
1444 4985 1507 5027 esse
1521 4970 1571 5027 sub
1583 4971 1718 5042 opinionis
1741 4986 1800 5027 cre·

165 5060 209 5116 illa
224 5063 307 5133 prima
323 5064 528 5137 significationis
547 5065 718 5123 multitudiue
737 5065 816 5138 hujus
829 5064 957 5122 secundae
1008 5064 1080 5120 ditur
1099 5065 1235 5135 ambiguo,
1263 5065 1389 5134 quoniam
1406 5064 1487 5122 habet
1501 5065 1616 5136 aliquam
1642 5065 1800 5122 similitudi·

166 5156 361 5224 particularitas
380 5156 550 5226 continetur,
572 5166 602 5212 ιιι
616 5157 643 5214 in
658 5158 957 5231 Romanorum'gcnere
1007 5173 1068 5213 nem
1083 5159 1251 5230 superiorum
1264 5175 1272 5211 ε
1284 5173 1346 5213 num
1358 5158 1427 5215 sicut
1437 5157 1718 5229 iliudgenusquodad
1729 5159 1800 5214 mui-

164 5244 352 5317 Scipiadarom
373 5265 468 5323 genos,
491 5259 587 5306 natura
608 5263 668 5306 cum
690 5258 754 5306 sunt
769 5248 883 5306 Romani
898 5249 956 5307 Sci·
1008 5248 1152 5306 titudinem
1180 5249 1280 5306 dicitur
1307 5264 1361 5305 uuo
1387 5249 1447 5304 solo
1474 5249 1583 5304 nomine
1604 5247 1800 5307 multitudinem

164 5340 252 5410 predae
266 5348 338 5396 sunt.
353 5344 483 5410 Quoniam
501 5343 574 5400 enlm
586 5351 614 5401 ει
631 5342 665 5398 ad
679 5342 822 5399 Romulum
836 5352 865 5400 ει
877 5352 957 5401 crete-
1007 5343 1115 5410 claudit,
1131 5344 1167 5400 ιιι
1179 5357 1285 5415 quoque
1299 5357 1383 5415 genus
1395 5341 1522 5413 plurimas
1536 5341 1639 5411 species
1651 5350 1800 5400 coerceret

165 5446 213 5489 ros
230 5432 363 5488 Romanos
375 5436 523 5492 secondum
543 5436 651 5492 ltorrmii
672 5435 857 5493 lrabirudiuem
869 5434 957 5509 juncti
1008 5437 1138 5494 continet.
1153 5436 1219 5493 item
1233 5447 1262 5492 ut
1276 5452 1360 5508 genus
1379 5437 1443 5492 illud
1469 5435 1541 5505 quod
1565 5434 1710 5490 securtdum
1737 5451 1800 5503 pro-

165 5535 239 5593 sunt,
258 5526 371 5582 Romani
388 5528 959 5602 surrt.Scipiadaeuerodicunturadsecun-
1010 5529 1174 5584 creationem
1198 5528 1299 5585 dicitur
1311 5528 1470 5600 principium
1485 5526 1618 5599 quoddam
1642 5535 1685 5581 est
1706 5541 1801 5586 eorum

166 5621 228 5679 dam
247 5621 357 5694 generis
376 5621 613 5693 significationem,
639 5621 712 5694 qnod
731 5634 827 5678 storum
850 5619 960 5679 iamiliae
1011 5636 1072 5693 quac
1086 5620 1120 5677 ab
1133 5622 1191 5690 ipso
1207 5631 1393 5691 procreantur,
1410 5621 1446 5677 ιιι
1460 5635 1543 5692 genus
1554 5630 1658 5676 constat
1669 5619 1726 5677 suis
1737 5636 1803 5691 spe-

169 5713 260 5787 Scipio
275 5725 302 5770 et
316 5714 457 5785 sanguinis
472 5714 631 5786 principium
647 5715 707 5772 luit.
1011 5714 1105 5770 clebus
1116 5727 1178 5769 esse
1193 5712 1365 5784 principium.
1384 5713 1454 5785 Ergo
1467 5714 1594 5784 qttuuiuut
1621 5712 1743 5783 utrisque
1760 5723 1803 5779 est

201 5812 237 5867 Ac
251 5808 322 5887 prius
335 5808 439 5885 quiden
451 5806 607 5882 oppetierunt
619 5818 654 5867 ert
667 5826 747 5885 gener
761 5808 961 5883 animosiusque
1013 5806 1112 5879 simile,
1127 5803 1228 5865 idcirco
1247 5820 1346 5863 nomen
1370 5818 1478 5876 quoque
1491 5801 1696 5877 generosorum
1711 5803 1739 5861 iu
1751 5799 1802 5871 iras
