3946 6186
196 285 199 290 -
229 244 281 304 271

845 243 901 302 AN.
920 244 1025 303 aaut.
1043 240 1123 305 sut.
1142 243 1254 304 noenu

1722 228 1725 233 ’
1817 246 1927 301 aas·

226 365 314 422 bitum
330 362 379 422 illo
393 354 453 435 ipso
466 352 855 433 manumissione-uisne
868 365 1023 422 necessario
1037 363 1191 429 Amativas
1201 377 1263 419 esse
1276 363 1467 434 negativasque
1479 362 1626 419 orationes.
1638 359 1715 431 Quod
1728 361 1751 417 ει
1765 369 1869 420 exano-

228 457 342 530 idquae
364 464 405 512 εει
419 455 519 527 privari
545 455 588 510 illa
602 456 657 526 ipsa
681 455 782 511 scilicet
804 455 1023 527 privationeque

229 553 343 622 quisque
360 549 489 621 privatur.
503 548 592 616 Quare
607 564 694 620 noque
715 548 741 605 id
764 549 835 620 qood
858 549 909 605 sub
932 548 1024 605 nabitu

229 644 392 701 anhelitus
409 643 539 714 appellari
560 652 658 712 potest,
675 657 761 713 neqoe
775 641 800 696 id
814 641 884 713 quod
904 642 956 696 sula
970 644 1025 712 pri-

229 737 335 792 vatione
360 737 486 807 privatio.
511 735 593 791 ilecto
616 734 696 805 igitur
718 732 820 789 dictum
840 745 882 789 est
902 732 1024 789 habitum

229 827 331 884 habero
344 844 397 884 non
412 843 473 885 esse
484 827 612 892 tiautton,
627 825 780 897 privarique
794 842 846 879 uua
863 839 923 881 csse
935 825 1025 897 priva-

229 921 350 976 tionem:
367 921 409 976 cui
432 921 470 976 rei
494 919 583 990 aliqua
597 917 719 988 quaedam
744 915 859 972 validior
882 918 923 971 ris
944 931 1025 986 argu·

229 1012 405 1069 mentationis
435 1011 598 1083 adjungitur,
618 1025 698 1081 quam
721 1008 882 1066 aristoteles
903 1007 938 1064 ita
964 1022 1026 1079 pro·

230 1108 346 1162 nuntiat.

266 1199 384 1272 Amplius
395 1199 417 1253 ai
431 1200 499 1254 idem
514 1208 577 1254 estet
589 1198 691 1254 cecitas
704 1206 729 1251 et
741 1212 837 1251 rurant
850 1210 914 1263 este,
925 1203 1026 1250 utrum·

230 1311 279 1368 que
291 1295 323 1349 de
340 1296 428 1351 eodem
447 1295 643 1368 praedicaretur.
660 1292 714 1350 Sed
733 1307 815 1347 coeeua
833 1291 1025 1356 diciturnonto,

231 1389 334 1445 weitos
348 1405 406 1443 vero
416 1387 489 1442 trullo
503 1388 580 1443 modo
597 1386 674 1442 uento
688 1385 793 1441 dicitur.

267 1481 296 1537 si
312 1480 382 1537 idern
395 1482 481 1552 inquit
492 1491 565 1536 esset
577 1478 685 1536 caecitas
699 1477 770 1549 quod
787 1484 902 1534 estesse
913 1489 1026 1541 caeeum,

231 1572 266 1631 de
280 1590 440 1647 quocunque
463 1587 563 1630 caecum
578 1585 639 1628 esse
659 1572 806 1637 diceretur,
824 1570 858 1625 de
874 1584 907 1626 eo
920 1581 1028 1640 quoque

231 1668 339 1724 caecitas
361 1667 565 1738 prmlicaretur,
585 1668 632 1722 sod
647 1680 749 1723 caecum
763 1665 879 1721 dicimus
898 1678 959 1720 esse
979 1664 1028 1717 tto-

1076 456 1166 512 natius
1179 469 1210 509 ac
1226 454 1351 511 subtilius
1371 455 1520 523 definisset,
1537 454 1742 510 aillamationern
1766 473 1813 524 per
1826 458 1869 513 al·

1077 549 1236 604 dentativam
1253 550 1404 603 orationem
1420 564 1472 602 nou
1486 548 1624 602 dilliniret.
1639 546 1706 601 Nam
1723 548 1745 601 si
1761 547 1869 602 dolritno

1077 650 1118 695 εει
1140 639 1203 710 quid
1219 640 1254 694 sit
1279 640 1433 709 ailirmatiu,
1458 638 1542 694 nihilo
1566 639 1650 709 magis
1672 639 1773 693 clarum
1792 649 1873 710 atquc

1077 734 1246 803 perspicuum
1265 743 1307 787 εει
1328 732 1392 802 quid
1414 733 1450 787 sit
1469 731 1627 786 aillrrnativa
1648 734 1746 788 oratio.
1768 731 1870 788 idcireo

1077 826 1183 897 quodsi
1198 825 1258 894 quis
1273 825 1432 896 nescitquid
1448 828 1482 881 sit
1496 825 1651 891 allrrmatio,
1664 825 1735 882 idem
1753 826 1873 881 sinedo-

1076 918 1122 973 biu
1137 929 1288 973 nescitoros
1299 928 1341 974 est
1354 919 1417 990 quid
1431 920 1518 975 oratio
1530 919 1565 974 sit
1576 918 1748 976 affirmativa.
1764 920 1817 976 Sed
1833 921 1873 974 id-

1077 1009 1152 1065 eireo
1174 1011 1218 1065 hie
1245 1011 1427 1082 indulgentius
1453 1011 1621 1077 terminavit,
1651 1013 1722 1080 quod
1750 1016 1775 1067 iu
1805 1013 1877 1068 libro

1077 1108 1137 1183 Περὶ
1151 1106 1282 1181 ἕρμιεειες
1296 1105 1435 1176 utriusque
1449 1120 1540 1160 veram
1559 1105 1720 1176 plenamque
1737 1108 1791 1160 vitu
1804 1105 1875 1161 ditu-

1077 1196 1186 1252 nitionis
1198 1198 1307 1267 aptavit.
1324 1197 1422 1252 Eadem
1441 1213 1546 1269 quoque
1567 1199 1594 1252 in
1608 1197 1650 1252 liis
1665 1199 1734 1254 ratio
1746 1209 1787 1254 est
1809 1213 1869 1269 quse
1936 1229 1946 1240 -

1078 1296 1142 1344 suut
1160 1290 1213 1345 sul)
1227 1289 1406 1346 altirmatione
1425 1300 1452 1346 et
1465 1293 1618 1363 negatione,
1634 1308 1694 1362 quoa
1709 1294 1736 1347 in
1759 1294 1801 1348 lais
1815 1309 1875 1364 quae

1078 1382 1129 1438 sul)
1149 1381 1394 1452 privationemque
1413 1383 1504 1440 habitu
1525 1385 1705 1454 ponebantur,
1728 1402 1789 1442 nam
1806 1387 1875 1442 sicut

1078 1490 1132 1531 non
1152 1486 1193 1532 εει
1216 1475 1288 1531 idem
1313 1477 1419 1533 habitos
1442 1486 1523 1549 atque
1538 1479 1654 1550 privatio
1679 1481 1750 1550 quod
1775 1482 1875 1540 ltabere

1078 1569 1199 1626 ltaltltum
1213 1580 1296 1640 atque
1315 1571 1427 1642 privari,
1452 1572 1488 1629 lta
1504 1587 1557 1628 tion
1572 1573 1643 1630 idern
1664 1582 1706 1630 cst
1720 1573 1875 1632 aillrmatio·

1080 1678 1141 1720 uem
1162 1674 1190 1719 ει
1210 1666 1380 1735 negationem
1403 1679 1464 1721 esse
1482 1666 1553 1738 quod
1569 1675 1612 1722 est
1633 1666 1683 1721 sula
1698 1666 1875 1725 aillrmatione

233 1763 347 1828 tniuem,
358 1761 507 1817 casitatem
521 1776 585 1816 vcro
598 1758 828 1829 ipsumlrmninem
840 1757 930 1812 nullus
941 1754 1024 1811 dicit:
1042 1760 1105 1821 Bet
1121 1756 1273 1828 negatione.
1294 1756 1447 1813 atttroaauo
1463 1769 1514 1824 εει,
1533 1758 1607 1813 verbi
1617 1763 1715 1830 gratia,
1735 1761 1811 1816 sciet
1825 1761 1874 1818 So·

231 1870 316 1926 quare
331 1855 457 1925 quoniam
474 1855 500 1909 iu
513 1853 634 1926 utrisque
644 1851 752 1907 diversa
766 1861 807 1906 est
822 1847 988 1920 predicatio,
1003 1855 1030 1902 et

232 1946 336 2017 dequo
358 1947 465 2002 caecitas
485 1946 594 2010 dieitur,
619 1958 673 2000 nou
692 1944 727 1999 de
741 1959 774 1998 eo
791 1941 890 1997 ducitur
916 1953 1028 2007 eaecum,

231 2050 393 2106 rursumque
407 2036 507 2106 dequo
519 2049 620 2090 caerum
634 2048 695 2089 esse
706 2032 877 2104 praedicatur,
891 2033 913 2085 ιε
923 2029 1030 2086 caecitas

232 2129 287 2185 dici
302 2145 354 2185 non
366 2140 465 2200 potest,
479 2144 532 2184 non
543 2139 584 2185 εει
595 2127 705 2184 dubium
716 2126 781 2198 quin
793 2125 865 2182 aliud
878 2126 914 2181 ειι
926 2138 1028 2179 eaeeurn

231 2237 394 2294 essequam
418 2223 537 2290 caecitas,
562 2219 653 2277 idest
675 2219 854 2291 privationem
879 2232 940 2272 essc
956 2215 1029 2271 aliud

231 2333 312 2390 qrram
327 2317 450 2389 privari:
476 2316 524 2372 sed
552 2317 674 2387 quamuis
696 2313 806 2378 distent,
825 2312 919 2393 aequali
940 2320 1029 2365 tanuen

232 2412 411 2484 oppositionis
426 2410 484 2465 viee
506 2410 664 2479 iunguntur,
687 2406 759 2478 quod
779 2407 837 2477 ipse
849 2404 966 2476 loquitor
980 2406 1028 2457 sir.

270 2506 396 2577 Opposita
410 2520 469 2559 uero
490 2507 567 2558 etiem
587 2502 642 2557 lter
664 2502 784 2556 videntur
805 2516 868 2568 aare,
888 2498 985 2568 privari
1005 2505 1031 2552 ct

233 2597 349 2652 nubitum
364 2594 670 2662 acroceraunium
687 2602 711 2647 ει
729 2593 841 2659 ιειιιεε,
857 2590 949 2646 modus
962 2589 1031 2646 enirn

233 2691 406 2762 oppositionis
418 2690 487 2744 idern
502 2698 549 2755 εει,
569 2702 628 2741 nunt
643 2688 708 2740 sicut
721 2685 821 2741 eaecitur
834 2685 901 2738 uisui
913 2683 1031 2754 oppositu

233 2796 282 2854 est,
297 2786 334 2841 rie
349 2800 444 2840 cucero
457 2800 512 2839 esre
532 2783 567 2836 ud
581 2783 664 2836 uirum
677 2780 769 2835 adiere
783 2779 928 2852 oppositum
945 2785 994 2832 est.

268 2877 356 2950 AEqua
374 2891 489 2948 namque
501 2875 678 2947 proportione
689 2873 741 2930 sibi
757 2872 870 2943 privatio
885 2878 965 2940 atque
980 2868 1030 2923 lta·

231 2971 305 3029 bitus
316 2980 498 3042 opponuntur,
511 2980 539 3025 ει
552 2983 583 3024 ca
595 2984 654 3039 qum
663 2967 712 3023 sul)
723 2966 873 3037 privatione
883 2963 1030 3034 habituque

1080 1860 1182 1917 crates,
1199 1851 1393 1921 negationem,
1409 1867 1463 1906 non
1480 1853 1557 1908 sedet
1574 1851 1711 1908 Socrates.
1732 1853 1789 1909 Sall
1802 1853 1874 1909 ainr-

1081 1944 1202 1999 matione
1217 1954 1307 2000 autent
1328 1945 1380 2000 hoe
1393 1932 1480 2014 ipsum
1503 1945 1599 2003 sedere
1621 1945 1769 2012 Socratem,
1794 1948 1821 2004 id
1834 1959 1875 2010 εει

1081 2036 1132 2090 ltoc
1153 2034 1224 2106 quod
1246 2035 1296 2089 sul)
1319 2034 1500 2092 affirmatione
1515 2037 1580 2092 dicit
1595 2038 1694 2094 iacere.
1717 2037 1773 2096 Sul)
1792 2055 1875 2113 nega·

1081 2128 1154 2183 tione
1174 2141 1238 2183 vero
1253 2143 1305 2183 non
1321 2128 1417 2185 sedere
1438 2129 1589 2196 Socratem,
1610 2130 1636 2185 id
1658 2140 1701 2187 est
1717 2146 1771 2188 non
1786 2130 1875 2192 lacere

1081 2220 1106 2274 id
1121 2218 1192 2287 equod
1211 2222 1319 2291 negatio
1333 2221 1484 2279 submovet.
1498 2223 1554 2278 lloc
1565 2233 1653 2280 autem
1677 2227 1711 2280 ita
1726 2228 1872 2297 probatur,

1081 2311 1153 2382 qood
1177 2315 1264 2367 omnis
1288 2313 1431 2371 aldrnratio
1453 2317 1593 2387 omnisque
1614 2320 1720 2388 negatio
1738 2322 1874 2379 orationes

1081 2414 1158 2473 εεει,
1174 2406 1245 2462 ειεει
1259 2420 1352 2463 eorum
1369 2408 1521 2479 supradicta
1535 2410 1661 2466 diffinitio
1674 2411 1874 2471 determinatio·

1081 2513 1134 2569 que
1152 2501 1321 2554 monstravit.
1334 2499 1437 2557 Sedere
1449 2511 1539 2557 autem
1561 2514 1589 2559 et
1602 2518 1656 2558 non
1672 2504 1777 2572 sedere,
1793 2507 1819 2562 id
1834 2517 1875 2565 εει

1082 2589 1172 2649 iacere
1192 2602 1218 2649 et
1236 2608 1289 2648 non
1311 2593 1412 2661 lacere,
1431 2595 1568 2650 orationes
1592 2611 1645 2651 non
1667 2605 1739 2663 εεει,
1758 2600 1829 2669 quod
1852 2602 1875 2658 si

1081 2684 1225 2740 affirmatio
1240 2696 1266 2741 ει
1283 2685 1392 2758 tregavio
1406 2689 1543 2744 orationes
1557 2697 1629 2755 sunt,
1649 2689 1746 2745 dieitur
1761 2690 1786 2746 id
1803 2692 1876 2763 quod

1082 2780 1133 2836 sub
1150 2779 1328 2837 aillrmatione
1351 2793 1377 2837 et
1396 2782 1539 2854 negatione
1561 2791 1613 2851 εει,
1636 2798 1668 2838 ca
1685 2784 1743 2853 ipsa
1759 2784 1875 2841 alilrma·

1083 2876 1156 2930 tione
1166 2885 1195 2930 et
1211 2875 1354 2946 negatione
1367 2877 1479 2933 distare.
1496 2877 1550 2936 Sed
1566 2881 1592 2935 in
1614 2879 1666 2936 ltoc
1680 2892 1792 2938 servant
1805 2883 1875 2939 illam

1082 2983 1188 3041 qnoque
1206 2970 1421 3039 similitudinem,
1436 2971 1508 3041 quod
1523 2987 1553 3027 ea
1571 2973 1626 3044 ipsa
1647 2975 1700 3031 sibi
1715 2987 1778 3032 sunt
1790 2990 1874 3048 oppo·

167 3076 173 3089 ’
232 3065 404 3135 clauduntur.
425 3065 478 3119 Cur
498 3061 571 3117 enim
592 3061 616 3115 εἰ
635 3058 748 3129 privatio
770 3068 851 3130 atque
867 3057 986 3124 ltaltitus,
1002 3052 1030 3109 ld
1081 3061 1146 3132 sita,
1167 3077 1226 3132 quae
1248 3062 1394 3119 secuudum
1420 3063 1625 3121 affirmationem
1647 3067 1874 3142 negationemque

233 3170 275 3217 εει
290 3161 365 3216 visus
378 3168 406 3215 et
419 3158 528 3215 cacitas
542 3155 593 3212 sibi
608 3164 670 3210 sunt
681 3154 815 3225 opposita,
830 3167 883 3206 non
896 3152 977 3206 etiam
989 3137 1066 3207 uic
1081 3154 1217 3211 dicuntur.
1237 3155 1313 3212 Sicut
1330 3157 1403 3212 εειει
1419 3158 1476 3229 ipsa
1496 3157 1640 3215 aitirmatio
1654 3177 1714 3232 qaae
1738 3162 1813 3231 dicit,
1831 3178 1874 3219 se-

232 3253 297 3310 dere
312 3265 393 3323 atque
413 3265 474 3306 esse
495 3264 597 3305 cneum
613 3247 708 3302 eodem
732 3245 812 3301 ruodo
826 3244 942 3299 latricem
964 3241 1030 3297 sibi-

232 3354 289 3400 met
303 3351 483 3412 opponantur.
507 3342 596 3409 Quare
616 3353 768 3409 quanquam
789 3336 847 3393 haec
867 3335 975 3401 distent,
992 3346 1032 3391 ta·

234 3447 295 3489 men
307 3432 401 3486 utullus
419 3431 446 3485 in
462 3431 505 3486 liis
520 3431 696 3500 oppositionis
711 3427 822 3500 aequalis
835 3436 888 3484 est.

271 3524 333 3579 Nou
353 3533 388 3580 εει
412 3533 499 3577 otttcm
522 3538 602 3593 neque
621 3522 649 3575 id
670 3521 738 3591 quod
758 3520 804 3575 εει
818 3520 987 3592 affirmatione
1006 3532 1030 3576 et

235 3616 370 3688 rrequlioue
380 3617 462 3687 juret,
483 3615 618 3685 uffirtnutio
633 3621 657 3667 rt
671 3614 784 3683 rtegutr'o,
800 3612 937 3683 affirmatio
955 3630 1032 3666 nant·

232 3725 282 3780 que
296 3710 378 3764 oratio
391 3722 428 3765 ert
446 3708 609 3779 ufflrnrutiuu,
632 3706 734 3778 negatio
752 3718 838 3761 autem
855 3707 937 3761 oratio
951 3722 1030 3779 nega-

232 3806 294 3869 tiva,
316 3802 409 3856 norunt
429 3817 486 3856 uero
507 3815 565 3872 qttoe
593 3798 640 3854 εει
660 3799 829 3870 uffirntotionc
849 3809 874 3853 rt
894 3800 1030 3868 negatione

233 3911 304 3964 suut,
320 3898 422 3952 nuilrun
436 3907 474 3951 εει
489 3898 584 3962 oratio,
598 3894 644 3949 ard
660 3910 700 3950 rev
713 3895 787 3959 iprae.
804 3892 931 3948 dictantur
944 3902 1029 3947 cutem

231 3999 311 4045 etrum
324 3992 379 4044 lacre
402 4006 455 4045 esec
468 3990 587 4060 oppositu
600 3987 741 4055 alterutris,
767 3989 833 4042 sicut
854 3988 988 4058 affirmatio
1005 3996 1029 4041 ct

232 4084 343 4155 negotio,
358 4100 417 4138 nunt
431 4084 458 4138 in
473 4085 513 4138 itis
524 4084 615 4138 utodrta
631 4084 801 4155 oppositionis
811 4091 848 4138 εει
864 4083 941 4136 idem.
954 4082 1029 4137 Sicut

233 4175 302 4229 enim
321 4176 456 4245 εῂιεεεειιε
477 4176 599 4230 itinerante
617 4179 778 4246 pegutiuncnt
794 4176 911 4247 oppositu
929 4185 977 4240 rat,
1001 4183 1029 4227 ει

231 4283 288 4336 quur
302 4267 373 4322 sedet
386 4268 410 4322 ei
424 4284 542 4337 quianon
557 4268 640 4331 sedet,
656 4269 693 4323 ειε
706 4279 729 4323 ει
741 4285 781 4322 rea
794 4284 851 4339 quoe
862 4269 907 4321 sni
921 4279 1029 4338 utroque

231 4358 323 4428 potitur
334 4368 404 4425 εεει,
423 4359 510 4414 sedere
521 4360 667 4430 quetnpiunt
679 4368 703 4413 et
715 4376 767 4413 non
778 4361 874 4415 sedere.

265 4448 307 4504 dd
322 4459 444 4520 quartam
461 4450 639 4520 oppositionis
656 4450 775 4518 speciem
794 4450 937 4504 transitum
952 4448 1026 4515 lecit,

1081 3246 1130 3303 det
1144 3247 1281 3316 Socraten,
1301 3259 1330 3305 et
1344 3264 1403 3320 quac
1417 3250 1494 3316 dicit,
1518 3267 1570 3306 non
1586 3253 1662 3309 sedet
1683 3256 1819 3321 Socrates,
1839 3257 1874 3310 ita

1082 3355 1190 3412 quoque
1212 3342 1328 3413 idipsum
1349 3343 1420 3413 quod
1437 3355 1479 3399 εει
1493 3344 1587 3401 sedere
1608 3346 1755 3408 Socratem,
1776 3359 1803 3403 ει
1821 3362 1874 3405 nou

1082 3433 1189 3500 sedere,
1205 3446 1279 3491 certa
1299 3435 1404 3492 ratione
1418 3437 1602 3495 similitudinis
1616 3449 1797 3511 opponuntur.
1820 3442 1875 3499 Sed

1083 3525 1210 3594 quoniam
1232 3536 1348 3597 quatuor
1372 3530 1478 3599 species
1498 3531 1675 3601 oppositionis
1697 3531 1775 3588 dieue
1795 3543 1874 3603 sunt,

1084 3635 1155 3675 nunc
1171 3620 1326 3676 Aristotelis
1344 3621 1456 3693 vestigia
1474 3636 1678 3696 persequentes,
1693 3636 1785 3681 earum
1799 3627 1874 3683 dilie-

1083 3712 1185 3767 rentias
1208 3712 1378 3782 colligamus,
1391 3728 1451 3783 quar
1465 3724 1528 3770 εεει
1542 3731 1653 3773 vrutttero
1674 3732 1720 3772 εει
1739 3736 1757 3770 :·
1769 3735 1831 3773 εειε
1852 3722 1874 3774 ει
1900 3748 1903 3755 ‚

1081 3821 1142 3876 quae
1156 3819 1200 3860 res
1214 3804 1271 3860 sint
1284 3814 1410 3877 quatuor,
1426 3822 1526 3880 easque
1539 3809 1647 3867 dillerre
1656 3826 1713 3867 ase
1727 3827 1759 3867 ac
1774 3811 1875 3871 distare

1083 3898 1231 3963 volutuus,
1256 3915 1305 3955 sea
1333 3903 1404 3957 solas
1432 3902 1598 3960 differentias
1620 3906 1780 3963 invenimus.
1809 3907 1876 3967 Cum

1081 3993 1154 4049 enim
1182 3995 1296 4064 primam
1320 3995 1467 4055 otuerrea
1496 4000 1615 4057 secunda
1639 4017 1671 4057 ac
1695 4005 1773 4058 tertia
1798 4015 1876 4075 atqua

1081 4097 1176 4158 quarta
1193 4093 1327 4158 ponimus,
1348 4100 1403 4148 tres
1422 4101 1485 4148 sunt
1506 4092 1758 4150 uiscerationem
1779 4110 1876 4151 secun-

1082 4180 1143 4234 dam
1154 4195 1211 4236 rem
1225 4196 1240 4235 a
1252 4183 1336 4249 prima
1350 4199 1378 4238 re
1389 4183 1498 4240 diillrrre
1512 4187 1656 4242 oetetadcre
1671 4197 1751 4257 atque
1764 4187 1874 4242 demon-

1082 4279 1170 4325 strare
1189 4272 1355 4342 serpentinum
1374 4285 1425 4330 ast.
1444 4277 1510 4332 Cum
1530 4281 1601 4333 enirn
1616 4277 1710 4348 primur
1728 4280 1767 4334 rei
1781 4278 1814 4333 ad
1830 4296 1875 4336 se·

1082 4362 1196 4417 croadam
1218 4365 1373 4420 distantiam
1395 4369 1598 4442 colligeremus,
1616 4370 1680 4442 quid
1703 4373 1820 4428 secrrnda
1835 4373 1875 4429 di·

1081 4466 1197 4512 starcta
1221 4460 1306 4528 prima
1329 4460 1481 4518 docuimus.
1501 4463 1604 4521 llelicta
1626 4466 1706 4536 igitur
1728 4465 1822 4536 primm
1841 4466 1874 4521 ad

231 4554 292 4612 quae
312 4540 460 4596 sectrndum
480 4540 687 4597 alllrmationom
712 4541 936 4612 negationemque
957 4540 1026 4595 diei·
1042 4533 1225 4604 Dseeuadam
1242 4567 1298 4606 rem
1321 4552 1483 4622 differentia,
1507 4556 1631 4612 secundae
1655 4568 1683 4614 ει
1697 4559 1794 4627 tertia,
1810 4559 1874 4615 item

230 4641 285 4690 tur.
306 4633 458 4692 atttnoatio
478 4646 567 4692 autern
591 4647 633 4692 est
656 4650 715 4707 qum
730 4637 847 4707 aliquam
871 4651 928 4692 rem
947 4635 1025 4692 alicui

230 4728 346 4799 quadam
362 4730 567 4800 participatione
581 4729 730 4800 conjungit.
752 4730 866 4801 Negatio
880 4743 945 4785 vero
965 4743 1026 4799 quae

230 4818 347 4888 aliquam
363 4837 420 4875 rem
442 4822 477 4876 ab
492 4823 582 4893 aliqua
604 4838 635 4879 re
648 4824 764 4894 quadarn
779 4825 953 4894 separatione
971 4822 1027 4878 dis·

227 4911 327 4984 jungit,
345 4924 427 4969 otest
444 4914 538 4969 (lutatis
559 4916 640 4971 itomo
654 4927 695 4971 est
708 4918 818 4983 animal,
838 4919 938 4972 animal
953 4919 1025 4974 enim

228 5006 261 5060 ad
293 5007 429 5064 leunsinem
458 5008 515 5064 laec
539 5012 625 5065 oratio
649 5010 747 5082 jungit.
778 5010 925 5081 l‘articipat
952 5014 1024 5067 enim

228 5098 311 5156 liomo
328 5101 437 5171 proprio
452 5117 563 5173 genere.
579 5105 682 5158 scilieet
698 5104 806 5171 animal,
824 5105 930 5175 negatio
946 5120 1024 5174 vero,

228 5190 312 5246 ltomo
327 5193 395 5262 lapis
408 5208 460 5248 nou
481 5205 532 5249 εει.
551 5193 682 5264 llisjmtgit
704 5195 776 5250 enim
792 5206 914 5252 naturam
929 5196 1024 5266 lapidis

226 5282 262 5337 ab
273 5284 440 5341 humanitate
454 5286 500 5357 qui
515 5296 605 5358 negat,
621 5287 668 5342 sed
682 5288 765 5343 arttlta
781 5288 816 5342 de
831 5291 873 5344 lus
887 5291 912 5344 in
928 5289 974 5346 liu.
990 5290 1024 5347 de

226 5371 451 5444 luterpretatioue
473 5378 585 5434 dicenda
606 5390 678 5435 sunt.
694 5380 782 5448 Quare
805 5380 907 5450 plenior
928 5383 1023 5439 laurum

226 5464 374 5537 disputatio
382 5469 408 5524 in
422 5477 527 5540 tempus
538 5471 610 5526 aliud
622 5470 771 5527 diliorutur.
787 5473 948 5531 Aristoteles
959 5491 1023 5532 vero

225 5558 426 5629 simplicissime
440 5572 468 5617 ει
486 5578 555 5633 peno
577 5566 711 5621 incuriose
730 5574 841 5636 propter
855 5582 902 5623 cos
918 5569 963 5640 qui
979 5570 1023 5624 in·

225 5649 372 5707 stituuutur
393 5651 569 5709 diilinitiones
599 5656 785 5713 alilrtnationis
814 5660 1022 5731 negationisque

224 5742 351 5810 signavit,
365 5745 459 5804 dicens
470 5749 641 5816 negationem
658 5749 931 5823 affirmationemque,
948 5754 1023 5811 aiilr·

1080 4641 1207 4697 eeouudae
1220 4653 1377 4715 quartaque
1392 4646 1553 4705 differentias
1568 4650 1799 4718 monstrabuntur,
1814 4667 1875 4723 quau

1081 4741 1146 4787 sunt
1164 4734 1235 4800 dum,
1260 4751 1319 4807 quae
1335 4738 1421 4794 tribus
1442 4742 1625 4811 superioribus
1637 4743 1738 4813 junctae
1758 4744 1875 4816 quinquo

1080 4828 1153 4883 solas
1169 4827 1299 4885 ettotam.
1322 4831 1416 4888 llestat
1436 4837 1523 4893 tertiae
1545 4838 1584 4894 rui
1598 4849 1755 4918 quartaeque
1770 4838 1875 4894 distan-

1081 4921 1128 4974 tia.
1143 4922 1209 4977 Nam
1225 4927 1319 4993 prime
1334 4926 1367 4981 ad
1380 4932 1525 4986 secundam
1543 4942 1624 5002 atque
1639 4934 1745 4988 tertiam
1759 4932 1875 4988 demon·

1080 5024 1166 5070 strata
1189 5026 1233 5071 cst
1253 5018 1444 5089 discrepantia,
1470 5028 1634 5094 comprima
1655 5042 1671 5081 a
1691 5028 1810 5080 secunda
1831 5029 1883 5102 ιιι-ι

1077 5113 1175 5172 staret,
1199 5118 1279 5177 atrqrte
1294 5112 1388 5168 eodem
1410 5115 1489 5172 modo
1517 5120 1623 5171 atortia
1645 5118 1873 5180 monstrabamus.

1078 5197 1107 5253 ld
1122 5199 1163 5254 lris
1176 5202 1304 5270 proluatur
1317 5208 1457 5277 exemplis.
1472 5207 1538 5263 Nam
1551 5226 1611 5265 aum
1624 5213 1757 5282 oppositio
1769 5232 1802 5273 ca
1815 5233 1876 5290 que

1078 5304 1120 5349 est
1139 5296 1286 5353 εεεειειιεε
1308 5298 1341 5355 ad
1353 5300 1464 5370 aliquid,
1481 5303 1515 5356 alt
1529 5303 1572 5358 lais
1585 5306 1801 5375 oppositionibus
1813 5328 1874 5382 qam

1077 5396 1142 5442 sum
1165 5391 1312 5446 secandum
1337 5395 1567 5467 autoramentum,
1594 5398 1770 5468 privationem
1793 5415 1874 5475 atque

1078 5481 1298 5557 habitum,utque
1311 5486 1514 5544 ellirtnationem
1531 5503 1556 5547 et
1569 5496 1753 5565 negationem,
1769 5498 1873 5554 distare

1078 5577 1246 5646 proponitur,
1262 5589 1315 5633 tres
1336 5588 1399 5633 surtt
1411 5578 1583 5638 dillercutian.
1600 5584 1668 5642 Cum
1688 5603 1753 5643 vero
1767 5603 1797 5644 ea
1811 5603 1872 5659 queo

1078 5669 1224 5723 seeundum
1240 5670 1418 5733 privationem
1434 5682 1514 5743 atquo
1529 5674 1648 5732 habitum
1670 5678 1803 5748 oppositio
1817 5688 1869 5746 εει,
1953 5692 1957 5700 ·

1076 5772 1092 5814 e
1107 5759 1254 5816 contrariis
1278 5768 1306 5816 ει
1320 5760 1355 5815 alr
1369 5764 1548 5823 attremationo
1562 5771 1757 5841 tregationeque
1768 5769 1872 5829 disere·
