3946 6186
168 252 173 259 ·
223 278 260 338 25
842 277 897 333 aa.
918 273 1021 332 aaut.
1041 275 1118 332 sav.
1138 281 1250 340 noent
1813 307 1848 368 at

225 394 283 496 rius
294 393 393 448 dictum
407 403 458 449 est.
481 393 509 450 Si
521 395 593 449 onim
607 395 717 449 univoca
731 402 809 458 stant,
825 408 883 461 quae
897 407 951 448 nno
964 408 1009 448 no·
1024 393 1049 451 A
1063 386 1249 464 cognationem
1268 399 1451 474 demonstret,
1470 416 1497 462 et
1516 422 1565 477 per
1582 409 1762 474 habitudinem
1784 435 1848 490 qu.»

225 496 299 540 utros
314 491 393 550 atque
413 482 507 539 eadent
527 483 682 540 delinitione
701 482 908 548 constituuntur,
928 483 1011 553 aequi·
1061 483 1205 542 dammodo
1229 490 1262 545 ad
1288 492 1404 562 aliquem
1428 496 1599 577 colligatam,
1623 502 1720 560 litream
1744 511 1847 578 generis

227 589 293 632 voca
309 590 375 631 sero
394 589 453 645 qne
474 589 528 630 uno
549 573 658 652 nomine
678 584 758 639 sunt,
772 582 799 629 ct
813 589 866 628 non
881 583 943 630 sunt
961 575 1011 631 suh
1061 575 1223 648 ductumque
1243 581 1375 651 designet.
1396 585 1525 656 Sequitur
1544 605 1626 660 crgo,
1647 604 1673 647 et
1695 595 1721 649 id
1746 597 1846 664 plantus

223 679 276 719 una
290 664 445 720 delinitione
458 662 631 729 substantie,
645 662 773 733 quidquid
795 664 936 719 unitorum
949 674 1008 730 est,
1060 667 1229 740 lucidiusque
1242 670 1391 741 significat,
1407 691 1467 731 cum
1482 678 1564 734 dicit:
1582 681 1681 736 Dicitur
1695 699 1787 738 rursus
1800 701 1847 753 ge·

224 765 252 810 nt
266 756 365 810 animal
380 768 466 826 genus
478 752 511 808 ad
525 767 588 808 suas
602 753 708 823 speeies
727 763 787 823 est,
801 757 828 809 in
848 755 891 811 his
910 770 1008 826 genera
1059 773 1110 814 nus
1123 761 1306 832 cuiuscunque
1319 767 1500 835 generationis
1514 770 1683 841 principium,
1697 784 1741 826 aut
1765 790 1779 827 a
1800 790 1846 844 gc·

187 896 193 905 .
221 848 381 916 speciesque
401 852 540 900 versantur
552 860 558 896 :
572 842 700 914 quidquid
722 846 885 914 aequivocum
905 854 966 912 εει,
981 852 1009 902 ιιι
1058 860 1233 915 nerante‚aut
1244 841 1278 908 ab
1292 870 1324 909 eo
1334 856 1392 910 loco
1404 857 1430 911 in
1443 873 1497 928 qno
1510 859 1689 929 quisganitus
1702 873 1753 917 εει.
1765 864 1791 918 ld
1807 864 1845 934 ip·

221 939 305 1002 aries,
320 950 435 1004 namque
448 934 524 1004 plura
540 933 693 1004 significans
708 933 874 1004 aequivocum
887 944 946 1004 est,
960 936 1007 990 sed
1057 953 1117 994 suso
1133 940 1214 996 latius
1228 944 1336 1013 expedit
1350 946 1421 1014 quod
1436 949 1560 1016 superius
1572 951 1628 1004 stria
1638 961 1666 1004 to
1678 962 1705 1006 ea
1718 960 1845 1008 sentuoso

223 1044 275 1084 non
289 1035 412 1081 censetur
425 1024 629 1094 participatione
649 1026 754 1096 generis
775 1036 803 1082 et
822 1028 939 1097 speciei,
954 1043 1006 1082 non
1057 1029 1197 1086 brevitatis
1210 1034 1318 1090 vinculo
1332 1036 1384 1103 c'oll
1396 1048 1517 1105 gaverat.
1531 1039 1599 1094 Dicit
1612 1042 1683 1095 enim
1697 1058 1789 1097 rursus
1799 1058 1846 1114 ge·

219 1129 260 1176 εει
274 1118 300 1174 in
314 1117 353 1172 eis
367 1117 428 1170 talis
442 1115 623 1185 participatio,
631 1124 660 1169 ut
670 1116 811 1185 speciebus
824 1127 850 1172 et
865 1117 1007 1187 generibus
1056 1136 1107 1176 nus
1119 1122 1190 1190 dici,
1205 1134 1252 1180 aut
1265 1141 1279 1179 a
1296 1129 1486 1198 generatione,
1504 1130 1529 1185 id
1544 1142 1585 1186 est
1598 1146 1613 1185 a
1626 1147 1678 1201 quo
1695 1135 1754 1204 quis
1768 1137 1846 1204 geni-

219 1206 594 1274 ccoseantur.Quaeoimerit
607 1206 634 1260 in
646 1206 1007 1276 ltisgetrcrisspccieiqueco·
1057 1220 1101 1269 tus
1113 1221 1171 1282 est,
1189 1225 1236 1270 ant
1254 1218 1289 1271 ab
1307 1232 1340 1272 eo
1360 1218 1420 1273 loeo
1443 1220 1470 1274 in
1484 1236 1537 1289 qno
1552 1223 1611 1291 quis
1630 1232 1773 1282 natusest.
1790 1222 1842 1282 Sed

216 1300 343 1371 gnitio,io
352 1300 447 1368 quibus
456 1297 826 1368 substantiaedeitnitioatque
835 1298 1004 1370 integerrima
1056 1319 1150 1360 rursus
1163 1307 1309 1377 particula,
1321 1310 1344 1362 si
1357 1309 1390 1363 ad
1406 1309 1456 1364 hoc
1467 1320 1650 1378 connectatur,
1664 1313 1733 1382 quod
1746 1315 1784 1369 ait
1797 1325 1843 1370 aut

218 1391 285 1446 ratio
294 1389 480 1461 disgregatur?
491 1389 529 1444 lta
539 1403 604 1458 ergo
613 1388 778 1460 Porphyrius
791 1403 888 1462 nonren
899 1388 1005 1459 generis
1055 1395 1089 1449 ab
1103 1410 1136 1451 eo
1150 1396 1176 1451 in
1193 1412 1246 1467 quo
1262 1397 1324 1468 quis
1337 1400 1444 1467 genitus
1462 1411 1521 1470 est,
1539 1402 1690 1460 intellectus
1708 1420 1760 1459 non
1779 1405 1841 1460 triu.

217 1485 243 1540 itt
256 1493 309 1539 ires
319 1482 413 1537 dividi!
426 1481 537 1549 formas,
552 1480 599 1536 sed
610 1488 639 1537 lli
648 1482 795 1550 aelillivllcd,
808 1495 861 1536 non
872 1488 902 1534 lli
912 1479 1005 1534 unito·
1054 1486 1116 1549 bai,
1133 1496 1161 1541 ul
1175 1488 1211 1543 sii
1226 1489 1305 1545 ordo,
1321 1489 1423 1545 Dicitur
1442 1506 1527 1560 genus
1547 1493 1754 1565 uniuscujusque
1772 1498 1841 1551 irari.

120 1620 129 1637 .
215 1590 264 1641 ea,
287 1574 312 1630 itl
329 1583 369 1630 εει
380 1582 408 1630 ut
428 1574 469 1627 lue
481 1570 639 1628 formseuno
652 1571 759 1642 quidem
776 1573 881 1641 generis
896 1571 1005 1625 nomine
1053 1575 1147 1631 vitatis
1162 1577 1343 1648 principium,
1360 1590 1406 1635 ant
1422 1595 1437 1635 a
1452 1591 1611 1651 generante,
1632 1594 1677 1640 aut
1696 1599 1788 1641 rursus
1805 1587 1841 1639 ab

215 1668 412 1733 contineantur,
429 1666 469 1721 sui
486 1661 574 1720 autem
591 1663 755 1733 proprietate
773 1663 925 1734 disgregata
944 1661 1002 1717 dis·
1052 1681 1086 1722 eo
1099 1668 1161 1722 loco
1177 1670 1203 1723 in
1216 1684 1269 1739 quo
1283 1672 1343 1739 quis
1357 1671 1462 1741 genitus
1475 1681 1533 1739 est,
1547 1674 1589 1727 rel
1610 1685 1683 1729 certe
1704 1678 1756 1731 erit
1775 1677 1840 1732 sim·

215 1759 351 1814 sentiant:
366 1766 394 1813 ει
408 1755 458 1811 hoc
472 1754 553 1810 modo
573 1753 638 1810 illud
656 1754 683 1808 ln
704 1762 759 1808 tres
777 1752 872 1807 dividit
890 1759 981 1822 partes
991 1737 1038 1816 ,Β
1052 1756 1150 1826 plicior
1164 1759 1311 1828 expositio,
1323 1761 1346 1813 sl
1361 1760 1474 1828 priorem
1488 1763 1594 1831 generis
1606 1763 1838 1834 significationem,

215 1860 245 1905 ut
257 1849 327 1904 dieat
341 1845 430 1903 vocari
440 1846 528 1917 semel
543 1857 626 1917 gertus
640 1860 732 1901 eorum
749 1843 817 1899 inter
830 1859 860 1899 se
876 1844 1002 1913 plurimo·
1052 1846 1079 1903 id
1095 1856 1138 1902 ost
1157 1849 1333 1918 quorumdam
1348 1849 1381 1905 ad
1394 1849 1510 1920 aliquem
1530 1853 1725 1922 quodammodo
1744 1869 1774 1911 se
1792 1855 1839 1909 lta·

215 1954 328 2010 rumque
340 1937 537 2007 collectio,qui
553 1936 587 1992 ab
600 1950 653 1990 uno
666 1949 825 2007 quocunque
841 1949 937 1990 nornen
952 1949 1000 2005 gc·
1051 1939 1423 2010 bentinmcollationem,ad
1442 1944 1525 2000 solius
1544 1947 1727 2015 cognationem
1749 1948 1839 2001 multi·
1891 1955 1896 1964 ·

215 2032 288 2088 neris
310 2029 434 2097 trahunt,
451 2037 480 2083 ut
500 2027 614 2084 llomani
632 2043 647 2083 a
666 2027 780 2083 llomulo
799 2026 936 2082 trahentes
955 2041 1001 2097 ge·
1052 2031 1151 2087 tudinis
1165 2033 1329 2103 accipiamus
1345 2052 1351 2087 :
1370 2035 1448 2090 linea
1462 2050 1526 2091 vcro
1549 2036 1656 2092 ductum
1678 2047 1705 2092 et
1720 2038 1770 2093 loci
1792 2051 1839 2105 gc·

216 2137 285 2190 nus,
300 2137 332 2178 ει
348 2121 441 2178 eodem
457 2134 556 2191 genere
568 2134 630 2175 esse
643 2118 777 2174 dicuntur.
800 2117 1001 2175 Secundoveru
1051 2125 1217 2181 nerationem
1238 2125 1266 2181 in
1289 2125 1407 2182 interiori
1426 2126 1620 2198 significatione
1639 2128 1779 2195 distribui,
1802 2130 1837 2183 ita

159 2243 161 2248 ·
214 2215 275 2271 locn
287 2213 344 2282 uici
354 2228 437 2284 genus
451 2211 583 2279 aillrmat,
598 2210 807 2282 uniuscujusque
822 2211 1000 2282 generationis
1052 2224 1139 2270 tamen
1153 2224 1182 2271 ut
1193 2232 1245 2271 nna
1260 2216 1457 2286 quodammodo
1469 2219 1574 2288 generis
1586 2218 1796 2288 signiticatione,
1811 2226 1838 2272 ct

214 2307 391 2378 principium,
407 2317 452 2361 aut
467 2319 480 2358 a
495 2311 658 2375 generante,
674 2313 748 2358 auta
762 2303 821 2358 loco
833 2303 860 2358 in
875 2316 929 2372 quo
941 2301 1005 2371 quis
1051 2304 1231 2360 multitudinis
1243 2307 1431 2376 cognationem
1443 2347 1450 2374 ,
1462 2317 1489 2362 et
1499 2321 1514 2360 a
1525 2317 1669 2377 generante
1683 2308 1798 2373 lineam,
1811 2318 1838 2363 et

214 2403 323 2472 genitus
334 2410 392 2466 est,
408 2412 437 2455 ut
455 2399 568 2456 AEneom
589 2388 633 2455 ab*
644 2400 760 2455 Anchise
779 2408 806 2453 ct
826 2413 924 2467 genere
937 2397 1001 2453 dici·
1050 2395 1101 2450 loci
1121 2396 1287 2451 nativitatem
1308 2397 1451 2465 signiticct.
1467 2397 1529 2453 llac
1543 2399 1614 2453 enim
1629 2399 1717 2454 omnia
1733 2399 1767 2455 de
1781 2401 1836 2455 solt

213 2506 274 2546 mus
288 2506 348 2546 case
362 2490 516 2556 Troianum.
529 2490 647 2544 Tertiam
661 2505 725 2544 reto
735 2491 926 2559 gennadicitttr
938 2487 1000 2543 illud
1050 2486 1195 2557 cujuslibet
1209 2487 1390 2544 nominatione
1405 2497 1561 2544 tractantur.
1576 2491 1664 2556 Quare
1678 2505 1729 2544 non
1743 2491 1839 2545 absur-

214 2581 257 2636 cul
277 2579 382 2650 species
403 2576 572 2646 soporatur.
596 2577 746 2631 victorinus
766 2593 830 2631 vero
851 2578 903 2632 duo
922 2593 1001 2644 supe·
1051 2578 1115 2634 dnm
1137 2589 1178 2632 cst
1197 2579 1371 2647 omniaque
1386 2578 1418 2633 ad
1433 2590 1524 2634 ortum
1540 2579 1682 2649 genitalem
1697 2580 1838 2651 cujuslibet

214 2671 286 2728 riora
299 2683 396 2740 genera
413 2669 439 2722 in
456 2681 537 2721 unum
559 2665 666 2736 redigit.
687 2663 753 2720 liam
775 2674 802 2721 et
825 2666 1001 2722 multitudinis
1053 2668 1206 2736 p··rtineant
1220 2683 1272 2723 una
1286 2667 1483 2736 significatione
1497 2669 1604 2738 generis
1618 2669 1759 2724 contineri.
1772 2669 1838 2723 Pro·

214 2757 413 2831 congruentiam
438 2757 508 2811 inter
521 2771 551 2811 se
566 2770 614 2825 per
627 2754 749 2812 eamdem
771 2756 878 2827 generis
900 2770 1002 2812 truncu·
1052 2759 1112 2827 prie
1124 2768 1211 2812 tamen
1224 2767 1250 2813 ct
1264 2758 1472 2828 simplicissima
1484 2759 1658 2829 expositionis
1671 2768 1711 2813 est
1724 2768 1838 2829 qrtatuor

214 2851 368 2925 petionem,
384 2856 412 2904 et
425 2861 654 2918 quorumcumque
667 2860 682 2902 a
696 2860 796 2917 genere
810 2847 908 2903 lincam
923 2855 950 2902 et
962 2847 1002 2902 lo-
1051 2849 1259 2919 signibeati··nes
1282 2850 1390 2921 generis
1410 2851 1581 2906 constituisse
1602 2851 1785 2918 Victorinum,
1809 2863 1836 2908 ut

214 2958 274 3000 cum
290 2942 317 2998 in
330 2955 383 3014 quo
395 2939 454 3010 quis
473 2948 551 2995 natus
572 2948 615 2994 εει
634 2953 690 2994 ειιε
708 2939 814 3010 generis
835 2939 962 2997 vocabulo
974 2946 1001 2995 ει
1052 2938 1084 2993 atl
1097 2949 1151 2994 tres
1166 2939 1305 3010 Porphyrii
1320 2954 1399 2995 unam
1415 2941 1472 3009 lpse
1486 2940 1638 3005 addiderit,
1652 2953 1678 2996 et
1695 2941 1836 2996 honestum

214 3034 401 3108 designatione
419 3047 479 3089 esse
492 3030 621 3087 declarat.
641 3032 722 3087 tlddit
741 3041 829 3089 autem
851 3034 908 3104 ipsc
928 3033 998 3104 qood
1053 3045 1139 3101 genus
1153 3045 1258 3097 causa,
1274 3038 1303 3085 ut
1316 3032 1370 3087 sint
1382 3030 1489 3099 generis
1511 3029 1552 3085 lue
1573 3037 1687 3101 quatuor
1705 3029 1837 3100 significa·

213 3131 264 3187 soli
278 3130 380 3186 Latinas
393 3127 492 3198 linguae
504 3139 654 3195 congruere
668 3125 773 3197 possit:
787 3125 855 3182 dicit
868 3127 939 3182 enim
953 3124 1000 3183 s'e·
1054 3122 1157 3186 tiones,
1174 3120 1351 3175 multitudinis
1364 3122 1506 3190 cognat'o,
1521 3121 1599 3176 lineae
1618 3120 1731 3186 ductus,
1753 3135 1838 3191 genus

213 3224 301 3290 cundo
321 3222 401 3278 modo
420 3235 504 3293 genus
517 3218 589 3286 dici,
604 3227 634 3273 ut
646 3227 687 3274 est
704 3233 788 3288 genos
809 3233 897 3274 causae
917 3217 1001 3275 houe-
1052 3226 1157 3277 causac,
1173 3202 1258 3283 genus
1281 3193 1444 3281 specierum.
1465 3211 1592 3283 Sequitur
1604 3210 1837 3282 seeunda'gcneris

213 3321 643 3381 stumaquaegeneracausarum
655 3306 1000 3375 Gracclinrhetoricaarte
1051 3300 1147 3357 d.visio
1166 3299 1235 3370 apud
1250 3300 1431 3368 Victorinum,
1454 3310 1485 3356 ut
1504 3308 1546 3356 est
1565 3314 1650 3371 genus
1671 3315 1759 3356 causae
1778 3315 1837 3371 quas
1902 3304 1912 3318 “

213 3418 309 3476 genera
322 3416 383 3460 csse
395 3416 447 3458 non
462 3409 572 3472 putant,
588 3399 636 3457 scd
651 3405 780 3474 σχήματα
791 3408 904 3466 vocant,
919 3399 945 3455 id
960 3408 1011 3473 est¹
1051 3391 1138 3449 Graeci
1152 3391 1199 3462 (ut
1213 3391 1313 3448 dictum
1329 3391 1453 3462 estinan
1468 3406 1565 3461 genera
1584 3391 1631 3447 sed
1653 3398 1778 3463 σχήματα
1790 3406 1838 3445 vo⁴

213 3496 321 3567 rigaras.
334 3494 439 3552 Genera
450 3502 540 3550 autem
550 3493 607 3550 sola
619 3493 774 3566 principalia
785 3490 938 3560 accipiunt,
951 3480 1013 3549 da.¹
1051 3491 1123 3536 eant.
1138 3480 1235 3548 ‘lenia
1249 3495 1314 3537 vcro
1335 3480 1536 3551 significationis
1554 3481 1661 3551 generis
1681 3481 1724 3535 hic
1744 3480 1838 3535 modus

144 3657 146 3662 ¹
214 3592 431 3657 monstrativum,
446 3588 650 3646 deliberativum
665 3596 692 3643 et
709 3585 846 3657 iudiciale.
859 3585 924 3652 Quae
944 3584 1000 3655 ipsa
1052 3582 1110 3638 est,
1124 3588 1208 3653 8011111
1223 3573 1275 3628 diti
1289 3573 1333 3628 1111
1350 3575 1511 3643 supponitur
1528 3573 1647 3643 51110113,
1661 3573 1686 3627 ld
1702 3582 1742 3629 est
1756 3587 1838 3644 istut

214 3677 266 3740 aida
282 3679 430 3736 rhetorices
443 3687 557 3746 vocant,
570 3678 597 3733 id
612 3686 653 3734 εει
668 3677 772 3747 species
786 3675 944 3743 rhetoricae,
960 3690 1002 3747 ge·
1053 3665 1120 3721 1111111
1136 3681 1217 3736 11111111
1231 3666 1336 3735 1Ρ11111
1349 3664 1515 3732 debilibus,
1532 3664 1603 3734 11111111
1619 3666 1655 3718 111
1670 3665 1703 3719 td
1718 3669 1839 3730 διιθῐῑι·

116 3804 121 3810 -
213 3767 849 3829 ιιειειειοεειιειιειιιιιιιοεᾱῑεῑιιιιιε,Τειιίιιηι
871 3756 1001 3837 rerige-
1052 3772 1110 3813 rum
1137 3756 1252 3812 lortassc
1272 3754 1474 3810 similitudinem
1497 3755 1703 3822 aequitatemque
1716 3754 1838 3823 disposi-

215 3877 266 3918 nus
278 3870 320 3917 est
334 3859 359 3915 id
374 3859 445 3930 quod
465 3857 630 3928 Porphyrius
649 3858 743 3926 ponit,
767 3856 792 3912 id
816 3867 858 3913 est
876 3857 926 3913 snb
947 3874 1001 3928 qno
1052 3859 1119 3903 111111·
1135 3844 1763 3917 5118111111881111311111111111111151111111111111111
1779 3852 1839 3908 111»

214 3951 371 4010 differentiis
384 3950 534 4006 distribute
545 3946 650 4018 sprrles
662 3955 857 4020 supponuntur.
871 3948 923 4004 Sed
935 3964 1001 4018 quo.
1052 3946 1081 3993 ut
1096 3937 1226 3992 Romulus
1241 3936 1283 3991 bis
1295 3936 1339 4006 qul
1353 3935 1387 3989 ab
1400 3950 1433 3990 eo
1446 3935 1550 4005 cognati
1565 3943 1627 3990 sunt
1639 3934 1776 4003 iunctique
1791 3933 1838 3986 llo
1928 3967 1932 3979 .

216 4046 288 4102 riam
300 4045 335 4102 ue
350 4042 429 4101 terrio
443 4055 541 4112 gotero
553 4047 715 4096 tractaturus
727 4047 785 4102 est,
802 4038 929 4095 t'teronn
945 4038 1001 4093 cut·
1053 4029 1136 4084 mant.
1159 4028 1225 4083 trem
1246 4024 1341 4081 eodem
1362 4024 1558 4081 autonomon
1580 4025 1687 4078 nortun
1706 4023 1839 4076 nonanus

215 4151 287 4207 mm,
302 4136 355 4203 get,
370 4134 393 4188 qi
408 4136 444 4188 ira
457 4130 596 4199 conringii,
612 4129 825 4187 emendationem
839 4130 906 4198 requi
923 4129 1001 4183 bont.
1052 4134 1147 4174 omnes
1161 4119 1295 4181 continet.
1308 4115 1531 4186 quenadmodum
1544 4114 1652 4169 nomine
1664 4114 1769 4183 generis
1783 4127 1839 4180 spe

214 4223 419 4296 qggiggipmirg,
443 4221 518 4276 Nunc
532 4226 596 4292 ergo
616 4219 649 4275 ad
664 4220 780 4290 priorem
801 4220 871 4290 apud
886 4218 1001 4272 Victori.
1052 4209 1109 4265 cies
1127 4209 1310 4264 continentur.
1331 4205 1397 4260 Nam
1419 4205 1490 4259 sicul
1506 4219 1520 4259 a
1539 4202 1662 4258 Dardano
1682 4202 1839 4257 Daldultitioe

216 4329 280 4370 num
294 4313 402 4385 generis
416 4309 637 4380 significationem
658 4318 834 4373 revertamur,
855 4316 882 4362 et
901 4307 959 4376 eius
972 4316 1001 4362 ut
1053 4301 1149 4371 prioris
1163 4314 1261 4355 nomon
1276 4297 1393 4353 bardoni
1408 4297 1434 4352 in
1452 4311 1513 4352 εεεε
1531 4296 1604 4366 ipsos
1619 4295 1781 4365 posteriores
1795 4308 1839 4348 ac·

213 4402 365 4457 sttntverha
376 4398 515 4456 enodanda
526 4407 604 4470 atque
614 4396 779 4469 explananda
790 4411 938 4452 sumamus.
949 4394 1001 4451 Ge·
1054 4392 1174 4461 clpiunt:
1189 4393 1225 4445 ita
1245 4404 1272 4446 ct
1291 4391 1405 4458 animal,
1420 4405 1499 4455 com,
1521 4390 1595 4444 verbi
1614 4389 1716 4457 grata,
1737 4387 1839 4456 specics

214 4487 499 4561 nuenamqtte,lnquit,
510 4485 606 4541 dicitur
617 4486 792 4556 quorumdam
803 4484 835 4538 ad
847 4498 876 4540 se
890 4480 1002 4541 invicem
1055 4483 1152 4538 habeat
1167 4464 1302 4537 bominem
1316 4490 1397 4549 atque
1414 4494 1527 4551 equum,
1545 4495 1630 4548 equas
1642 4479 1744 4533 scilieet
1761 4489 1840 4548 atquo

214 4587 242 4636 ει
254 4579 287 4636 ad
301 4578 416 4650 aliquem
432 4575 630 4648 quotantmoto
643 4591 672 4632 se
691 4573 847 4630 habentium
863 4575 1000 4632 collectio.
1055 4575 1136 4630 homo
1151 4573 1276 4629 animalis
1290 4573 1316 4627 in
1331 4587 1360 4626 sc
1375 4572 1533 4627 uocabulum
1550 4584 1664 4640 capere,
1677 4579 1707 4624 ιιι
1720 4570 1840 4624 dicantur

214 4667 263 4724 lllc
276 4682 341 4738 ergo
355 4678 496 4737 utrumque
510 4667 682 4735 monstravit,
695 4674 722 4722 et
733 4668 920 4737 cognationem
933 4669 1003 4726 inter
1053 4664 1111 4736 ipsa
1125 4664 1260 4729 animalia,
1272 4678 1324 4717 11011
1336 4669 1470 4717 recusati·
1485 4661 1584 4716 Eodem
1600 4662 1680 4731 igitur
1693 4661 1771 4715 modo
1784 4675 1840 4730 sih
1899 4696 1900 4699 ¹

213 4772 243 4813 se
258 4755 435 4811 multitudinis
449 4764 477 4812 ει
490 4755 569 4812 lineae
584 4756 701 4811 ductum.
717 4756 784 4813 llam
798 4772 858 4814 cum
874 4757 939 4815 dicit
956 4775 1003 4831 gc·
1054 4754 1109 4811 cies
1124 4755 1174 4810 sub
1188 4753 1334 4824 generibus
1354 4755 1535 4819 continentur,
1552 4753 1773 4820 quemadmodum
1793 4766 1839 4805 co-

215 4860 265 4900 nus
283 4842 460 4915 quorumdam
480 4843 666 4900 collectionem
688 4844 721 4899 ad
742 4860 771 4901 εε
795 4847 911 4903 invicem
933 4863 1003 4917 quo·
1054 4845 1127 4914 gnati
1141 4844 1264 4903 homines
1277 4844 1326 4898 sub
1338 4843 1383 4896 ilio
1394 4858 1409 4897 a
1422 4858 1474 4910 quo
1485 4842 1556 4896 illam
1571 4842 1756 4911 cognationem
1773 4841 1840 4894 [ειιε

142 4926 145 4933 ’
214 4930 358 4988 dammodo
370 4930 542 4998 habentium,
557 4930 584 4987 id
598 4941 640 4987 est
653 4933 741 5004 aliqua
762 4933 831 4989 inter
851 4950 881 4990 se
901 4950 1002 5006 cogna·
1056 4943 1206 4991 traxerunt.
1231 4932 1297 4988 llam
1318 4942 1344 4987 et
1359 4947 1442 5003 genus
1457 4932 1597 5002 speciebus
1610 4931 1767 5001 principiam
1781 4937 1838 4993 est,

215 5023 287 5079 tione
297 5021 468 5091 iunctorum,
479 5022 652 5092 cognationes
669 5033 799 5078 monstrat
811 5041 819 5079 a
832 5034 859 5080 et
872 5025 942 5096 quod
955 5026 1002 5083 ad·
1055 5034 1081 5081 et
1095 5025 1268 5096 plurimarum
1283 5024 1352 5079 inse
1366 5025 1514 5092 specierum
1527 5021 1694 5077 collectivum
1708 5025 1758 5071 cst.
1773 5016 1839 5070 liur-

215 5114 301 5180 didit,
313 5113 382 5170 etad
393 5112 509 5185 aliquem
520 5156 527 5181 ,
538 5115 645 5184 generis
657 5115 754 5171 lineam
765 5116 910 5187 significat,
923 5134 1002 5190 quam
1054 5131 1101 5172 sus
1117 5117 1232 5186 primum
1256 5115 1423 5186 cognationis
1438 5129 1536 5169 nomen
1551 5122 1576 5166 ει
1592 5111 1674 5178 iit-ius
1687 5122 1746 5177 gena
1756 5107 1839 5160 ratio-

215 5203 313 5274 singnli
331 5203 535 5274 emungentes,
554 5204 629 5259 etad
646 5219 726 5261 unum
742 5207 900 5278 scseipsius
920 5225 1002 5281 gene·
1055 5210 1098 5265 nis
1113 5217 1155 5265 εει
1170 5208 1348 5278 principium,
1364 5215 1392 5264 et
1411 5208 1438 5261 in
1456 5206 1526 5260 illins
1545 5202 1630 5259 selina
1650 5197 1778 5254 vocabolo
1800 5198 1840 5254 di·

216 5299 328 5355 rationis
340 5298 517 5371 applicatione
536 5298 699 5369 iungentes,
715 5301 804 5369 plures
819 5316 851 5358 cr
865 5304 957 5359 eadem
972 5305 1004 5360 li·
1056 5299 1170 5356 versitas
1184 5299 1322 5355 hominum
1338 5295 1459 5354 vocabuli
1473 5303 1500 5350 ει
1513 5293 1619 5364 generis
1639 5290 1840 5361 participatione
1853 5315 1855 5320 ·

217 5401 266 5444 oea
280 5390 364 5457 intueti
378 5399 458 5462 atque
467 5391 573 5460 cognati
586 5398 663 5458 sunt,
675 5397 704 5445 ut
715 5391 750 5445 sit
761 5391 804 5446 hic
815 5393 882 5450 ordo
893 5411 901 5449 a
912 5395 1004 5452 Genus
1055 5391 1197 5462 colligitur,
1213 5401 1293 5461 atque
1306 5389 1357 5445 hoc
1369 5396 1410 5445 εει
1424 5386 1493 5456 qnod
1513 5383 1550 5439 ait
1566 5384 1608 5438 his
1626 5382 1737 5439 verbis:
1755 5382 1841 5438 Aliter

216 5479 312 5535 dieitur
327 5481 504 5551 quorumdam
518 5480 643 5538 collectio
654 5480 687 5538 ad
701 5497 730 5538 se
744 5481 858 5539 laricem
875 5485 1004 5556 quodam·
1056 5483 1152 5540 dicitur
1166 5498 1249 5554 genus
1265 5483 1308 5537 coi
1321 5487 1507 5550 supponuntur
1519 5477 1641 5546 speeies.
1655 5477 1730 5546 juxta
1744 5474 1840 5531 simili·
1923 5488 1929 5495 ·

219 5570 301 5625 modo
315 5579 344 5626 ει
356 5570 388 5624 ad
406 5571 522 5641 aliquem
537 5571 711 5640 habentium,
732 5573 758 5630 ld
777 5580 819 5630 est
838 5575 871 5629 ad
892 5576 1004 5647 alicujus
1057 5577 1174 5635 tudinem
1191 5577 1259 5633 [ειιε
1271 5574 1437 5645 superiorum
1451 5571 1612 5640 appellatum
1626 5589 1632 5624 :
1647 5571 1746 5626 etenim
1770 5583 1840 5632 prin·

218 5656 315 5716 bucam
332 5674 378 5729 per
393 5674 477 5728 ilenti
487 5662 709 5735 contingentium,
718 5673 747 5720 ut
760 5679 808 5735 per
818 5664 1003 5723 collectionem
1057 5667 1155 5739 cipiunt
1171 5665 1303 5739 quoddam
1317 5673 1359 5720 est
1372 5676 1456 5735 genus
1468 5661 1510 5718 his
1520 5676 1578 5734 ειιε
1592 5660 1641 5717 ειιε
1652 5662 1710 5731 ipso
1723 5666 1802 5722 sunt,
1815 5665 1839 5713 et
