3946 6186
231 315 299 374 {327
631 308 665 366 ΙΝ
682 306 813 403 cibabit
830 307 993 377 QUOMODO
1011 305 1238 366 SUBSTANTlAE
1258 305 1361 366 BONAE
1376 306 1453 367 slit't
1795 311 1870 370 {328

230 449 343 508 corpore
355 440 437 496 sunt,
463 437 524 484 actii
538 425 644 496 quidem
661 442 676 481 a
695 427 815 497 subjecta
833 425 883 481 sibi
905 423 1018 478 materia
1032 430 1060 486 A
1072 426 1192 480 omnium
1208 424 1413 481 subsistentium
1434 438 1512 506 esse,
1527 426 1729 507 bonitatesqua
1749 442 1781 482 ea
1804 445 1868 498 quae

231 510 320 564 nuilus
344 510 471 572 separat:
487 500 612 570 quoniam
626 498 776 553 secundum
790 497 840 552 boc
855 496 1018 550 inabstracta
1072 505 1136 550 sunt
1151 496 1219 551 bona
1232 506 1304 558 sunt,
1320 496 1400 550 simili
1421 505 1524 551 ratione
1538 507 1629 552 essent
1643 497 1760 553 diversa.
1779 500 1813 555 Et
1828 504 1868 558 ita

229 589 291 634 sunt
334 584 424 629 menie
448 582 551 634 tanicn,
576 569 602 623 id
625 579 666 623 εει
689 570 849 634 cogitatione
874 581 1020 634 segregans
1073 565 1147 636 iuxta
1164 577 1266 621 scitam
1283 567 1400 634 reguiam
1415 576 1546 636 quaeest:
1560 569 1644 623 Omne
1659 569 1784 651 quodest
1800 586 1868 642 par·

228 617 314 719 ipsam
328 661 342 699 a
358 643 476 711 subjecta
491 641 613 701 materia,
637 641 790 707 speculatur
803 636 1018 706 disciplinaliter,
1073 637 1165 707 ticipat
1177 654 1210 691 co
1224 637 1296 720 quod
1310 645 1351 691 est
1365 652 1425 692 esse
1439 647 1465 691 ut
1478 639 1522 703 sit,
1535 638 1587 692 alio
1598 652 1663 694 vero
1677 651 1820 722 participat
1837 653 1868 699 ut

228 729 328 791 preter
342 715 482 770 materiam
499 728 506 764 :
528 727 580 766 non
593 710 654 765 dico
669 725 729 765 csse
746 716 845 778 preter
859 709 1019 774 materiam,
1073 707 1173 778 aliquid
1184 710 1237 773 sit;
1253 719 1278 763 ει
1286 717 1362 777 Juxta
1383 719 1516 775 octavam,
1533 725 1592 779 que
1604 717 1645 765 εει
1661 726 1668 764 ;
1685 709 1764 793 liqmi
1786 728 1866 768 com-

227 789 278 847 tcd
298 786 416 843 divisum
428 799 444 837 a
458 783 569 838 materia
583 822 590 843 ,
606 781 693 847 ipsum
708 781 753 849 qui
769 788 867 848 praeter
878 780 1020 835 materiam
1071 780 1161 849 posito
1175 779 1246 833 aliud
1260 791 1301 833 est
1314 793 1384 846 esse,
1395 779 1467 833 aliud
1481 780 1568 848 ipsum
1583 791 1624 835 est
1639 796 1645 830 ι
1660 791 1810 837 rectissime
1822 785 1866 838 di-

228 874 290 916 esse
314 872 368 913 εεε
384 856 488 923 potest,
501 852 679 921 triangulum,
699 851 725 905 id
738 860 780 904 εει
792 849 947 932 qualitatem
966 865 1019 919 qua
1072 850 1273 920 ceretur,quod
1289 851 1314 903 in
1332 850 1374 932 eis
1387 850 1457 903 aliud
1469 858 1583 932 essqtea
1595 864 1664 933 esse,
1676 852 1865 935 aliudaliquld

229 943 329 999 corpus
344 927 515 993 triangulum,
528 923 772 991 proprietatemque
785 935 859 990 epus;
875 928 904 973 ut
914 920 948 974 sit
958 935 1020 977 seii·
1072 935 1144 987 esse,
1161 921 1186 974 id
1200 931 1242 974 est
1256 936 1316 975 esse
1331 921 1437 989 quidem
1459 923 1653 986 subsistentiis,
1676 922 1777 992 aliquid
1797 939 1865 1006 vero

228 1015 277 1058 sus
293 1019 300 1053 ι
318 995 479 1063 triangulum
493 997 736 1064 proprietatemque
751 991 821 1060 ejus,
841 990 868 1044 id
883 998 924 1044 εει
936 994 1020 1044 trian-
1071 1005 1134 1047 esse
1145 991 1271 1046 bonitate.
1286 993 1325 1046 ilc
1338 1001 1400 1045 tune
1420 1003 1509 1073 esseni
1524 993 1631 1060 quidem
1648 992 1727 1074 liena,
1741 994 1864 1052 bonitate

228 1073 284 1143 guli
306 1067 517 1138 proprietatem,
543 1065 585 1119 vel
609 1078 642 1116 ex
661 1063 823 1131 proprietate
839 1061 1018 1130 triangulum,
1071 1076 1135 1131 qua,
1152 1063 1220 1116 sicut
1234 1062 1334 1117 dictum
1349 1071 1399 1127 εει,
1412 1062 1514 1130 aliquid
1528 1071 1629 1144 essent,
1645 1077 1755 1119 minime
1771 1077 1863 1122 taineii

267 1141 300 1196 od
316 1141 385 1194 idem
400 1146 442 1192 est
466 1134 635 1204 speculatur:
647 1143 675 1187 ει
687 1133 844 1198 sicquidem
856 1131 1020 1188 inabstracta
1072 1131 1161 1202 ipsum
1177 1133 1293 1197 bouum,
1308 1133 1334 1186 id
1349 1142 1389 1186 εει
1401 1133 1485 1200 ipsam
1504 1133 1648 1187 bonitatem
1666 1134 1790 1189 baberent
1805 1176 1812 1200 ,
1832 1148 1863 1193 ει

229 1157 390 1269 mmmm
401 1178 592 1261 pnainemniicl.
608 1203 689 1272 igitur
700 1217 749 1256 nos
760 1216 865 1283 quoque
879 1201 960 1255 etbici
971 1215 1019 1259 eos
1071 1215 1134 1256 esse
1147 1218 1200 1271 quo
1210 1213 1310 1257 essent.
1326 1201 1407 1273 igitur
1418 1204 1440 1255 si
1455 1213 1544 1256 alianto
1560 1203 1685 1272 (qualiter
1697 1205 1861 1288 dictumest)

227 1282 257 1341 lu
272 1290 364 1338 nostra
377 1277 502 1332 lacultate
515 1274 663 1328 imitatione
678 1273 774 1342 secuti,
792 1286 906 1341 primuni
919 1269 1020 1329 bonum
1070 1272 1162 1342 primo
1185 1272 1269 1336 bono,
1297 1273 1352 1326 ullo
1367 1275 1446 1326 inodo
1462 1283 1551 1327 csseiit
1563 1313 1570 1337 ,
1584 1276 1733 1353 ¹secundum
1749 1288 1862 1341 positio-

227 1353 319 1415 abbis
332 1365 391 1420 quae
406 1363 438 1403 cx
455 1344 649 1416 ipsuliuxeiiut
664 1343 751 1404 bonis,
768 1343 914 1411 paulisper,
928 1341 1017 1410 idest,
1069 1357 1151 1408 vieni,
1167 1358 1218 1412 qua
1237 1343 1287 1395 boc
1309 1342 1442 1411 paulisper
1466 1360 1672 1414 consensimus,
1690 1361 1741 1399 nun
1757 1361 1771 1398 a
1788 1349 1861 1403 boun

228 1424 315 1481 donec
325 1422 358 1476 ad
370 1420 449 1474 linem
460 1432 537 1471 suum
553 1416 620 1469 ratio
635 1415 808 1484 perducatur,
824 1412 905 1468 animi
917 1413 1020 1484 cogita·
1070 1412 1178 1482 quidem
1194 1423 1285 1467 esseut
1296 1413 1374 1478 bona,
1393 1430 1424 1467 ac
1439 1422 1528 1494 tamen
1544 1423 1633 1495 esseut
1650 1416 1728 1470 bona.
1753 1419 1789 1471 bc
1804 1436 1859 1474 non

228 1494 302 1552 tione
326 1501 517 1550 amoveamus,
546 1485 572 1539 id
594 1496 649 1552 est,
677 1500 729 1538 non
752 1498 811 1538 esse
830 1486 928 1537 bonum
952 1484 1019 1539 illud
1069 1481 1144 1538 idem
1159 1493 1249 1538 essent
1261 1483 1331 1550 quud
1344 1484 1424 1546 bona,
1439 1486 1464 1536 nl
1475 1494 1526 1548 εει,
1539 1500 1591 1537 nun
1604 1486 1672 1566 idem
1684 1497 1859 1545 esseteoiiim

228 1581 245 1623 a
268 1578 321 1636 quo
347 1561 486 1616 linxerunt
510 1556 624 1625 quadam
643 1555 795 1624 positione,
820 1553 890 1621 quod
905 1568 953 1622 per
975 1568 1019 1609 re·
1070 1567 1133 1609 esse
1146 1595 1153 1619 ,
1167 1556 1236 1622 quod
1252 1553 1406 1609 eorumdem
1419 1554 1533 1609 bouitas.
1559 1556 1611 1609 Sed
1624 1570 1698 1637 iuria
1718 1564 1860 1623 praedictas

228 1651 288 1692 rain
312 1643 432 1687 naturam
459 1628 532 1681 nullo
558 1626 639 1679 modo
665 1625 721 1679 lieri
751 1631 859 1693 potest,
889 1623 922 1677 ad
950 1640 1020 1688 prac-
1070 1624 1190 1691 regulas,
1207 1626 1232 1678 id
1247 1637 1297 1685 εει.
1312 1636 1414 1678 seriam
1428 1634 1455 1677 ει
1472 1627 1689 1707 εειειιει,ιιιειι
1705 1637 1795 1693 εεεει,
1817 1633 1859 1686 eis

228 1722 294 1764 ,0115
316 1701 515 1757 copqseqtiamus
533 1715 539 1749 :
554 1705 581 1749 et
594 1697 637 1749 bic
651 1695 757 1765 quidem
774 1703 817 1748 est
836 1709 941 1748 sensus.
964 1695 1017 1751 Sed
1070 1709 1143 1758 csse,
1155 1695 1225 1749 aliud
1239 1710 1302 1748 vero
1313 1694 1390 1748 boiiis
1402 1710 1471 1760 esse,
1485 1696 1561 1750 idest
1577 1697 1648 1749 aliud
1659 1709 1730 1751 essct
1742 1714 1773 1752 ea
1784 1716 1857 1766 esse,

221 1764 279 1849 ¹pro
292 1789 325 1830 eo
346 1772 417 1841 quod
439 1769 531 1823 debuit
554 1767 645 1821 dicere
661 1768 774 1834 primum
792 1766 888 1818 bononi
911 1764 1014 1833 abeis,
1071 1764 1147 1818 aliud
1158 1780 1188 1818 ea
1204 1778 1265 1820 esse
1276 1765 1354 1818 bona.
1366 1762 1442 1832 Quod
1456 1767 1477 1819 si
1490 1765 1553 1820 nibil
1565 1769 1752 1822 omiiiiioaliud
1767 1782 1859 1827 issent
1889 1826 1900 1837 ,

249 1847 355 1901 uoniam
371 1843 461 1897 animo
482 1851 509 1893 ει
523 1847 683 1906 praesenter,
698 1837 793 1900 idest,
819 1835 922 1899 donec,
946 1837 1018 1890 sicut
1071 1835 1124 1888 nisi
1140 1835 1329 1900 bona,scilicet
1341 1851 1426 1904 neque
1439 1848 1526 1890 essent
1540 1837 1738 1917 ponderositate
1749 1842 1855 1922 gravia,

249 1917 330 1973 ictum
347 1923 398 1978 ost,
412 1926 488 1965 suum
501 1910 581 1962 linem
596 1907 693 1961 babeat
707 1907 786 1967 ratio,
801 1905 859 1957 baie
869 1905 1018 1974 amotiolit,
1070 1919 1158 1972 neque
1173 1907 1299 1975 qualitate
1313 1908 1451 1987 colorata,
1468 1922 1552 1988 neque
1566 1909 1655 1988 aliqua
1669 1914 1757 1990 spatii,
1772 1913 1857 1994 idest

230 1989 269 2043 aii
286 2006 291 2015 ·
309 1985 390 2041 Primi
406 1980 470 2036 boui
484 1978 651 2048 praesentiam
679 1989 850 2030 amoveamus
867 1977 901 2028 ab
929 1978 1019 2032 animo
1072 1974 1246 2043 longitudinis
1258 1976 1298 2030 vel
1309 1975 1466 2043 latitudinis,
1479 1978 1644 2032 dimensione
1655 1980 1857 2038 velaltitudiuis

228 2029 299 2130 quod
315 2056 430 2125 primum
443 2051 542 2104 bonum
558 2062 618 2102 esse
629 2047 747 2115 quidem,
766 2047 817 2099 itoc
831 2056 871 2098 εει
885 2060 947 2098 vere
958 2060 1019 2101 csse
1069 2045 1196 2108 distenta,
1215 2061 1264 2101 εεε
1277 2046 1327 2099 ullu
1343 2048 1451 2100 omnino
1464 2050 1490 2103 in
1502 2050 1664 2129 eisqualitas
1674 2051 1791 2123 (supple)
1806 2071 1855 2110 uec

229 2138 346 2186 constat.
355 2118 627 2195 idque,seilicctiilud
637 2131 775 2180 veieesse,
785 2117 1017 2186 potestcoqnosci:
1070 2118 1207 2183 quantitas
1218 2128 1297 2181 esset,
1311 2117 1360 2170 nisi
1373 2128 1473 2171 tamum
1485 2119 1659 2189 bonitasque
1672 2132 1763 2176 esseut
1774 2125 1853 2194 bona,

231 2215 293 2256 euni
307 2214 339 2252 cii
351 2193 482 2250 sententia
491 2190 610 2245 omnium
620 2188 767 2252 bominum,
783 2187 808 2239 id
825 2194 865 2239 εει
877 2187 1018 2242 doctorum
1070 2187 1138 2240 adeo
1151 2189 1260 2256 iitjiixta
1272 2189 1411 2255 septimam
1420 2190 1616 2259 regulamque
1625 2202 1666 2244 εει
1680 2208 1687 2246 :
1702 2206 1781 2247 omiie
1790 2195 1855 2249 sim·

230 2269 463 2335 indoctorumque,
478 2274 603 2331 quiiniam
622 2259 679 2312 baec
698 2270 739 2312 esi
753 2271 825 2322 veie,
839 2255 914 2324 jutta
927 2255 1018 2324 prima
1070 2257 1132 2324 plex
1149 2274 1208 2312 csse
1224 2275 1313 2323 suuni,
1328 2268 1356 2312 ct
1371 2260 1395 2312 id
1419 2261 1488 2328 quud
1503 2271 1557 2325 est,
1573 2276 1654 2314 uuum
1670 2261 1765 2328 babet,
1781 2268 1853 2321 idem

230 2341 331 2410 regulae
343 2339 456 2409 primum
468 2332 587 2393 modum,
601 2329 636 2382 ita
646 2330 796 2384 communis
808 2326 889 2380 animi
902 2342 1018 2396 concep·
1070 2337 1144 2382 esset
1153 2344 1184 2383 ea
1196 2344 1266 2395 esse,
1281 2338 1307 2383 ct
1320 2329 1387 2383 bona
1400 2344 1471 2395 esse,
1488 2340 1549 2385 tunc
1564 2346 1614 2386 non
1628 2333 1770 2387 secuiidum
1787 2338 1850 2390 illu·

230 2412 269 2466 tio
295 2423 322 2464 ut
334 2409 413 2465 etiam
425 2407 459 2459 sit
469 2405 647 2459 indoctorum,
661 2400 763 2454 seilicet
774 2398 855 2454 licum
875 2414 945 2462 esse,
960 2411 1017 2453 tiam
1070 2413 1130 2452 rum
1142 2399 1318 2468 proprietates
1329 2400 1457 2464 diversas,
1469 2401 1565 2470 quibus
1578 2404 1661 2457 solani
1671 2418 1729 2457 csse
1742 2405 1848 2462 diversa

231 2456 337 2554 quoque
351 2496 384 2533 es
400 2474 583 2544 religionibus,
598 2470 626 2524 id
640 2480 692 2537 εει,
710 2485 741 2524 ει
766 2479 837 2523 ειειι
851 2477 878 2521 ει
889 2484 1017 2525 eaeremo-
1071 2469 1483 2534 subsistentia,viderenturesse
1495 2473 1606 2527 diverse
1616 2489 1724 2529 numero
1734 2491 1790 2539 res;
1800 2480 1850 2534 sed

231 2551 284 2607 „qs
298 2550 470 2604 ,mmmm
481 2543 611 2613 genqum,
1070 2539 1226 2594 viderentur
1239 2555 1299 2595 εεεε
1315 2541 1474 2609 principium
1489 2545 1606 2598 omnium
1619 2559 1718 2601 rerum.
1733 2546 1787 2601 Nec
1802 2565 1851 2619 po-

219 2620 222 2631 '
261 2616 429 2692 dormitum]
440 2615 520 2681 Quasi
535 2611 672 2667 :Primum
687 2609 786 2665 bonum
798 2611 835 2665 sic
845 2626 1017 2670 amoveamus
1071 2608 1123 2662 itus
1142 2612 1283 2665 dicendum
1299 2620 1341 2666 εει
1356 2611 1508 2691 pluraliter,
1521 2615 1683 2680 viderentur,
1698 2620 1745 2671 sed
1759 2617 1853 2690 siugu-

232 2693 267 2750 ιῙ)
279 2692 319 2747 θίι
329 2705 388 2754 0⁰ae
403 2695 465 2743 sunl
476 2685 557 2739 bont·
573 2683 629 2737 lloe
641 2682 721 2751 igilur
735 2682 822 2751 primu
842 2682 913 2737 bono
932 2685 971 2738 sic
982 2685 1017 2740 ab
1069 2678 1174 2743 lariter,
1190 2682 1325 2735 iiiderctur.
1341 2682 1423 2736 {lecte
1439 2693 1539 2751 utique.
1561 2685 1647 2741 Unum
1662 2688 1733 2741 enim
1747 2689 1852 2744 sulum-

215 2752 272 2822 ,ομ
287 2761 422 2832 paulisper
434 2767 539 2817 amoto,
555 2755 650 2809 iterum
674 2753 743 2806 alind
764 2767 908 2819 ponamus,
928 2755 954 2809 id
974 2768 1017 2811 εει
1069 2765 1125 2832 (ιιιθΙ
1134 2759 1177 2806 εει
1191 2751 1343 2833 hujusmodi
1358 2754 1467 2836 bonum,
1481 2756 1552 2825 quod
1569 2766 1671 2838 tantum
1687 2759 1721 2812 sit
1740 2759 1850 2830 bouum,

231 2833 322 2892 omnia
341 2847 401 2903 quaa
425 2836 494 2892 sunt,
510 2826 536 2881 id
558 2831 600 2880 est
622 2838 684 2878 veie
699 2821 866 2890 subsistunt,
886 2838 1017 2892 ponamus
1070 2821 1191 2890 iiiiiilque
1218 2824 1288 2877 aliud
1304 2833 1349 2888 sit,
1364 2838 1488 2894 quoniam
1504 2840 1569 2882 vere
1582 2830 1694 2897 simplet
1709 2841 1764 2894 est;
1780 2832 1853 2888 idco.

231 2922 292 2963 esse
312 2905 397 2966 bona;
421 2909 501 2969 atque
515 2896 558 2952 bis
571 2894 675 2949 duobus
688 2893 800 2964 positis,
826 2910 856 2947 ea
879 2897 933 2963 ipsa
956 2912 1016 2966 quas
1069 2906 1122 2961 que
1135 2894 1280 2973 secuudum
1296 2895 1435 2962 septimam
1452 2896 1604 2963 predictam
1630 2900 1764 2968 regulam,
1781 2901 1851 2958 idem

230 2976 303 3035 bona
318 2974 441 3038 dicimus,
453 2968 653 3023 consideremus
664 2965 897 3034 quemadmodum,
915 2967 965 3020 line
975 2979 1016 3021 εει
1069 2972 1111 3016 est
1134 2962 1171 3016 illi
1194 2978 1273 3030 esse,
1288 2966 1360 3034 quod
1380 2965 1477 3021 bimum
1500 2981 1569 3023 esse.
1595 2968 1772 3025 Subsistentia
1788 2988 1853 3028 vern

230 3048 347 3175 qualiter
359 3049 539 3116 possentesse
551 3038 620 3092 bona
636 3052 643 3090 ι
660 3038 682 3090 si
700 3049 728 3089 ut
742 3046 833 3090 esseut
847 3037 956 3090 minime
967 3038 1015 3092 de·
1070 3033 1132 3087 talia
1154 3045 1229 3097 suni,
1245 3037 1315 3104 quod
1340 3038 1545 3108 unumquodque
1565 3038 1673 3094 iliorum
1688 3053 1714 3095 ct
1732 3043 1852 3110 pluribus

251 3120 371 3174 uiisseiit
381 3130 395 3169 a
405 3115 490 3183 primo
500 3109 581 3176 bono,
593 3108 644 3162 boc
656 3117 697 3162 εει
711 3107 733 3160 si
746 3106 850 3159 illorum
861 3122 932 3172 csse,
944 3116 1016 3163 esset
1070 3116 1122 3168 est,
1136 3114 1162 3158 ει
1174 3107 1293 3172 pluribus
1304 3106 1403 3177 aliquid
1411 3118 1461 3162 est.
1475 3107 1589 3179 ideoque
1601 3126 1652 3164 non
1668 3113 1793 3182 simplex,
1804 3118 1852 3171 seq

231 3190 341 3260 quidem
354 3197 382 3242 et
391 3170 574 3245 subsistentia,
588 3195 621 3234 eo
632 3187 730 3245 essent,
745 3193 797 3231 uon
808 3185 897 3232 tamon
908 3188 1017 3234 auctore
1030 3171 1054 3235 C
1069 3177 1247 3256 compositum
1261 3190 1319 3242 est,
1338 3179 1379 3260 cui
1399 3179 1545 3233 seeundum
1569 3189 1689 3236 octavam
1713 3187 1850 3255 regulam,

217 3259 274 3314 'vel
286 3258 380 3328 opissce
391 3255 476 3325 primo
490 3251 657 3311 bonuliluc,
669 3248 695 3302 id
706 3259 747 3302 εει
758 3263 789 3302 ει
802 3247 853 3303 boc
871 3251 929 3315 ipso
943 3249 1015 3318 quod
1068 3245 1140 3299 aliud
1156 3255 1197 3300 εει
1213 3261 1289 3312 εεεε,
1311 3248 1380 3302 aliud
1397 3250 1483 3317 ipsum
1500 3262 1552 3305 est.
1574 3251 1666 3320 Neque
1680 3268 1743 3308 vero
1757 3257 1784 3309 iii
1799 3273 1853 3314 uuo

231 3330 359 3390 dicimus,
369 3327 457 3381 omnia
469 3339 528 3393 εεε
539 3331 610 3385 εεει,
619 3333 814 3390 ponamusessc
823 3320 902 3381 bona,
913 3320 1016 3375 intueor
1069 3324 1142 3368 tanta
1158 3316 1309 3383 multitudo,
1322 3330 1349 3372 ei
1360 3319 1466 3375 iliorum
1479 3321 1574 3390 quibus
1585 3324 1629 3386 sit,
1639 3334 1668 3378 et
1678 3326 1784 3378 illorum
1795 3331 1852 3396 qiii·

230 3399 259 3454 iii
272 3399 311 3454 eis
319 3396 392 3451 aliud
401 3410 461 3451 esse
471 3393 542 3463 quod
551 3394 619 3446 bona
631 3399 703 3448 sunt.
712 3391 1015 3456 aliudveroquodsuiit,

231 3468 259 3525 id
269 3468 371 3525 estalio
381 3480 453 3532 esse,
469 3464 522 3516 alio
532 3476 591 3516 csse
601 3465 682 3514 bona.
692 3461 719 3513 Si
730 3461 800 3513 eniiii
811 3459 906 3512 eodem
926 3470 1017 3514 essent

232 3556 286 3611 quo
304 3546 368 3593 sunt
381 3537 461 3598 bona,
481 3544 647 3600 nequaquam
662 3528 696 3582 ab
710 3542 743 3582 eo
757 3529 826 3596 «quod
847 3543 911 3583 vere
932 3532 1015 3583 senti·

232 3625 293 3666 nius
326 3608 351 3662 id
374 3606 444 3675 quod
469 3601 581 3671 positive
605 3601 807 3663 consentimus,
823 3598 1014 3654 divideremus.

231 3653 309 3750 Quod
322 3677 414 3747 utique
429 3676 539 3729 iacimus
555 3671 674 3724 dicentes
690 3687 697 3723 :
715 3668 750 3722 iia
772 3682 832 3738 quae
846 3681 918 3733 suut,
934 3672 1016 3751 idest

231 3767 291 3821 quae
306 3759 379 3806 recte
395 3744 566 3814 intelligimus
580 3755 651 3806 esse,
667 3754 809 3809 ponamus,
822 3749 912 3793 amoto
927 3755 1014 3809 primo

232 3821 315 3890 bono,
341 3834 401 3875 esse
422 3817 502 3871 bona.
524 3811 628 3879 Quasi:
647 3811 723 3877 Quod
746 3811 850 3892 quidem
866 3826 918 3865 nun
941 3822 1013 3895 sunt,

231 3893 280 3949 scd
299 3890 410 3961 positive
428 3882 624 3956 quodammodo
645 3890 840 3936 consentimus.
866 3881 920 3936 ltec
937 3881 1016 3963 dubi-

230 3962 341 4019 tandum
354 3970 396 4016 est
409 3957 454 4012 illa
477 3957 531 4011 alio
545 3968 615 4018 esse,
638 3953 691 4007 alio
705 3951 774 4006 bona
799 3951 921 4034 esseqblt
934 3967 1015 4034 'enim

230 4036 283 4089 lioe
297 4049 329 4088 ea
343 4032 403 4086 aliis
423 4041 529 4097 quoque
548 4025 651 4080 clarum
673 4024 724 4089 sii,
751 4022 897 4077 substantia
910 4063 917 4087 ,
933 4024 1016 4078 idest

230 4119 275 4161 res
289 4118 352 4159 veie
361 4101 521 4161 subsistens,
537 4112 589 4152 uiia
603 4094 751 4163 eademque
764 4093 944 4175 subsistentiae
958 4108 1015 4148 suae

232 4176 405 4247 proprietate,
417 4177 555 4241 ponatura
570 4166 659 4230 nobis,
672 4167 741 4233 quoii
758 4165 841 4246 modo¹
853 4179 941 4246 omnia
954 4179 1014 4231 quae

230 4256 306 4311 sunt,
323 4252 412 4299 aiiioto
434 4242 521 4309 primo
535 4239 606 4293 bono
621 4236 795 4304 ponebantur,
817 4236 941 4289 videlicet
954 4250 1014 4291 csse

229 4317 319 4374 bona:
336 4322 450 4385 potiatur
460 4310 540 4366 eiiam
561 4308 630 4376 quud
646 4318 743 4361 caetera
757 4320 808 4359 nou
825 4310 1012 4375 ponebantur,

229 4388 334 4446 scilicet
347 4399 407 4440 esse
417 4384 487 4444 alba,
501 4388 529 4434 et
541 4379 639 4446 gravis,
655 4386 682 4429 et
694 4376 818 4429 rotunda.

213 4464 217 4473 '
265 4457 337 4514 Tunc
352 4456 433 4519 uiiitd,
449 4448 514 4521 ete]
526 4449 605 4516 Quasi
620 4464 626 4500 :
641 4447 689 4501 lllo
701 4446 771 4514 quod
783 4444 899 4499 diximus
912 4456 1011 4514 amoto,

228 4531 288 4587 bac
300 4539 399 4602 ponere
409 4523 561 4580 debuimus.
576 4518 643 4573 Nam
662 4517 683 4571 si
700 4518 734 4570 ita
755 4530 934 4586 poneremus,
951 4528 1052 4611 tuneo

229 4601 371 4657 manileste
384 4602 496 4663 pateret,
509 4603 562 4645 tani
574 4591 608 4644 de
622 4590 740 4644 bonitate
753 4601 832 4655 quam
845 4588 878 4642 de
892 4587 1010 4655 cacteris,

229 4671 300 4743 quod
321 4668 392 4722 aliud
412 4672 483 4720 esset
504 4662 560 4732 ipsa
580 4660 624 4714 illa
648 4661 813 4739 substantia,
830 4657 920 4738 idest
939 4661 1010 4727 quod

213 4752 216 4756 '
229 4742 301 4799 aliud
314 4749 386 4795 esset
398 4735 424 4790 id
437 4733 509 4804 quod
521 4731 669 4787 subsistens
682 4737 725 4784 est
741 4745 747 4780 :
762 4727 832 4809 aliud
846 4744 904 4798 equs
919 4742 1011 4783 ioiuu·

229 4813 307 4878 ditas,
319 4824 370 4880 qua
391 4805 532 4863 rotundum
547 4813 607 4866 est;
622 4800 693 4855 allud
715 4808 842 4869 gravitas,
858 4814 908 4879 qua
930 4814 1010 4868 grave

229 4892 284 4941 est·
299 4882 371 4936 aliud
386 4877 469 4940 color,
485 4889 538 4943 quo
559 4873 647 4926 album
667 4882 725 4935 est;
741 4871 812 4923 aliud
829 4871 942 4936 bouitas,
958 4885 1009 4951 qua

228 4926 328 5011 boisum
349 4959 400 5012 est,
416 4962 489 5001 veie.
506 4944 571 5000 Nam
587 4945 608 4997 si
623 4941 680 4996 liaee
699 4942 802 5021 singula
820 4955 873 5020 non
889 4939 1008 5020 gciierali

209 5021 212 5025 ’
228 5026 336 5086 unione,
352 5022 399 5076 sed
409 5033 441 5073 ea
455 5032 514 5087 quie
524 5029 557 5070 eit
571 5013 732 5082 proprietate
747 5025 786 5064 ici
805 5012 945 5090 singularis
967 5021 1009 5089 est

227 5100 340 5160 unitate,
351 5092 421 5147 idem
433 5088 542 5143 omuino
555 5091 646 5140 essent
659 5081 729 5153 quud
744 5083 801 5162 ipsa
811 5081 1009 5163 substaiitia,·id

226 5178 280 5231 εει,
296 5167 321 5219 id
334 5178 386 5244 quo
399 5158 547 5215 subsistens
558 5165 600 5210 εει
608 5155 689 5219 idem,
705 5151 827 5206 similiter
841 5165 875 5205 et
888 5164 1008 5219 proprie-

224 5240 291 5293 tatis
304 5241 406 5290 εειιειε
427 5237 499 5287 esset
512 5226 629 5297 gravitas
642 5221 712 5294 quod
724 5222 809 5303 color,
826 5231 852 5277 ει
873 5221 944 5291 quod
963 5236 1008 5275 ro·

225 5308 361 5372 tunditas,
378 5312 405 5359 et
417 5302 488 5372 quod
504 5305 613 5360 bonum,
630 5296 656 5349 id
678 5303 720 5349 est
733 5292 853 5374 boiiitas;
867 5303 895 5375 et
907 5294 1008 5348 bonum

227 5379 299 5435 ideni
312 5375 382 5446 quod
405 5371 537 5444 gravitas,
554 5378 581 5425 ει
601 5367 770 5448 ειιειιίιειιιε
792 5374 906 5419 caeteris.
931 5363 1009 5431 Quod

226 5449 300 5515 lieri,
316 5447 342 5504 id
355 5454 397 5502 est
409 5447 466 5499 iiaic
486 5444 558 5498 idem
571 5453 632 5496 etse
645 5445 825 5518 proprietate,
841 5445 933 5516 natura
954 5449 1008 5489 vion

227 5521 302 5587 sinit,
317 5533 375 5588 quae
387 5530 440 5569 uon
452 5515 531 5569 modo
546 5508 767 5590 proprietatibus,
781 5517 850 5589 sicut
864 5505 922 5560 lieri
937 5505 1008 5560 solet

226 5591 277 5647 tub
288 5590 383 5645 eodem
396 5599 503 5657 genere,
518 5597 610 5638 verum
626 5580 706 5637 etiam
716 5581 870 5633 diversitate
880 5590 1007 5645 generum

227 5659 277 5716 isia
291 5661 390 5714 divisit.

263 5731 340 5784 Aliud
352 5730 441 5796 ipitir,
454 5723 520 5795 etc]
535 5724 635 5793 Quasi:
651 5722 678 5778 Si
693 5727 727 5775 ita
743 5717 954 5799 ponemus-lime
968 5730 1012 5772 cs·

229 5809 290 5858 seut
303 5801 408 5857 diversa
417 5797 452 5853 ab
464 5810 497 5853 eo
506 5810 560 5866 quo
574 5793 722 5853 subsistens
736 5801 794 5856 est;
811 5800 872 5845 tuuc
883 5795 962 5857 igitur
975 5786 1011 5845 aii

1067 3384 1119 3440 bus
1133 3387 1231 3455 aliquid
1253 3391 1302 3454 sit,
1317 3403 1378 3444 esse
1394 3401 1503 3457 posset:
1519 3391 1566 3445 iiisi
1590 3408 1670 3447 uimiu
1692 3396 1852 3463 principium

1070 3455 1127 3509 baec
1140 3457 1167 3509 iti
1178 3458 1223 3511 illo
1231 3459 1376 3526 junxisset.
1389 3462 1462 3515 Sicut
1472 3461 1542 3515 euim
1557 3476 1571 3514 a
1587 3464 1704 3531 genuino
1719 3466 1849 3536 nativum,

1067 3525 1103 3578 ali
1114 3537 1216 3581 aeterno
1233 3531 1392 3598 temporale,
1404 3530 1438 3585 ab
1455 3545 1507 3585 uiio
1521 3533 1616 3586 alterni
1630 3551 1637 3586 ι
1654 3534 1720 3589 sica
1735 3538 1851 3607 simplici

1068 3606 1178 3650 auctore
1190 3600 1328 3666 quodlibet
1340 3603 1582 3670 conipositumcsse
1592 3613 1707 3672 oportet.
1718 3607 1852 3671 Quaecun-

1068 3679 1120 3734 que
1140 3667 1220 3736 iqitur
1239 3672 1428 3737 subsistentia,
1442 3672 1576 3742 quoniam,
1591 3683 1660 3728 sieut
1672 3674 1771 3730 dictum
1786 3690 1850 3746 εει,

1067 3746 1122 3790 tatii
1138 3739 1220 3792 iiiiilta
1234 3740 1260 3793 in
1275 3757 1304 3796 se
1318 3743 1449 3808 babendo,
1463 3757 1515 3797 noti
1529 3744 1658 3810 simplicia
1673 3756 1735 3800 sunt
1752 3766 1759 3800 ι
1775 3749 1849 3819 dieo,

1067 3808 1138 3874 quud
1155 3824 1206 3863 iioii
1229 3813 1310 3865 modo
1331 3829 1383 3868 uon
1404 3829 1464 3869 esse
1476 3816 1639 3882 composita,
1662 3819 1710 3870 scd
1725 3833 1774 3872 nec
1788 3835 1851 3876 esse

1067 3881 1177 3934 omnino
1192 3891 1314 3948 poteraut
1334 3901 1341 3936 ε
1364 3884 1415 3939 iiisi
1438 3886 1565 3940 voluisset
1582 3901 1707 3951 osseca,
1729 3900 1757 3943 ει
1778 3891 1850 3958 quo'd

1068 3958 1132 4003 sunt
1145 3965 1223 4017 csse,
1240 3955 1266 4006 id
1281 3954 1351 4022 quod
1375 3955 1410 4008 ita
1429 3967 1471 4010 est
1487 3957 1601 4017 bonum.
1616 3959 1686 4025 quod
1705 3973 1747 4014 εει
1765 3961 1850 4017 solum

1067 4017 1178 4086 bunum,
1194 4033 1222 4077 et
1236 4023 1303 4079 nibil
1320 4024 1391 4079 aliud
1404 4041 1483 4096 quam
1500 4026 1609 4080 bonum.
1623 4030 1655 4082 lit
1678 4029 1795 4095 idcireo,
1811 4034 1851 4087 vi·

1067 4089 1164 4146 delicet
1178 4094 1302 4161 quoniam
1323 4096 1459 4165 quodlibet
1473 4112 1567 4151 eorum
1581 4113 1655 4166 esse,
1671 4100 1696 4152 id
1715 4113 1773 4164 est,
1796 4119 1849 4157 uon

1068 4161 1148 4215 modo
1167 4162 1273 4231 iiquod
1284 4176 1335 4231 εει,
1350 4175 1378 4222 ει
1388 4167 1487 4236 aliquid
1501 4179 1552 4234 est,
1564 4167 1679 4239 itemque
1692 4170 1717 4224 id
1730 4187 1782 4240 quo
1793 4183 1848 4243 est,

1066 4231 1110 4283 vei
1125 4247 1178 4301 quo
1190 4235 1287 4300 aliquid
1301 4247 1356 4300 est;
1372 4240 1556 4293 verumetiam
1569 4237 1632 4292 illud
1645 4251 1671 4294 ει
1684 4255 1743 4295 esse
1757 4257 1783 4296 ει
1797 4244 1850 4298 aii·

1066 4302 1130 4367 quid
1151 4317 1238 4357 essea
1254 4306 1315 4359 bimi
1338 4309 1475 4363 vuluntate
1500 4309 1630 4375 delluiit,
1651 4311 1850 4371 denominative

1067 4370 1137 4424 bona
1151 4387 1210 4428 csse
1229 4376 1363 4430 dicuutur.
1381 4377 1456 4432 Sicut
1469 4393 1536 4447 opus
1551 4395 1650 4434 aereum
1664 4384 1732 4449 quud
1746 4396 1788 4437 εει
1800 4400 1850 4441 εεε

1065 4455 1164 4508 genere
1177 4460 1229 4511 quo
1240 4457 1291 4512 est,
1305 4457 1331 4501 ει
1350 4447 1510 4515 triangulum
1525 4465 1572 4502 sua
1588 4452 1715 4518 qualitate
1729 4469 1779 4522 qua
1796 4456 1848 4511 ali-

1065 4515 1128 4581 quid
1142 4524 1194 4578 εει,
1208 4528 1249 4570 εει
1259 4519 1338 4571 eiiam
1353 4519 1551 4574 denominative
1565 4520 1727 4588 bumaniim,
1743 4527 1777 4576 ab
1789 4541 1849 4581 esse

1065 4583 1137 4637 illius
1157 4600 1212 4654 quo
1227 4590 1374 4642 secundum
1391 4590 1506 4658 aliquam
1522 4590 1653 4647 rationem
1669 4605 1796 4659 auctore,
1822 4607 1850 4651 et

1064 4667 1164 4708 aereuni
1178 4666 1205 4710 et
1220 4658 1377 4728 triangulum
1397 4669 1448 4715 est.
1463 4660 1539 4716 Sicut
1552 4662 1624 4714 enim
1640 4665 1742 4717 duobus
1760 4668 1849 4722 modis

1064 4724 1161 4779 dieitur
1174 4727 1317 4782 humanum
1333 4747 1340 4784 :
1355 4731 1469 4798 primum
1490 4732 1594 4787 scilicet
1606 4736 1712 4802 generis
1727 4738 1849 4803 proprie·

1064 4803 1129 4857 tate,
1143 4808 1171 4851 ut
1186 4799 1282 4852 animai
1299 4799 1443 4856 buniunum
1457 4818 1464 4863 ;
1480 4810 1506 4855 et
1526 4805 1672 4857 secuudum
1693 4805 1850 4862 denomina-

1064 4868 1148 4931 tione,
1165 4872 1288 4937 quoniam
1300 4885 1334 4924 et
1348 4885 1381 4925 eo
1392 4872 1468 4925 lliiiiit
1480 4872 1555 4938 cuius
1569 4871 1713 4928 buiiiaimm
1726 4887 1848 4942 estesse,

1063 4946 1092 4991 ut
1105 4952 1172 5007 opus
1188 4942 1342 5007 humanum,
1356 4942 1391 4995 ita
1406 4942 1511 4997 duobus
1522 4943 1714 4998 uiodlsdiciiur
1725 4947 1822 5002 bunum
1840 4968 1847 5003 :

1062 5008 1178 5075 primum
1193 5011 1295 5066 scilicet
1308 5010 1419 5076 bonum,
1430 5015 1501 5082 quod
1516 5023 1557 5068 cst
1577 5028 1639 5069 vere
1655 5016 1765 5085 bononi,
1779 5035 1848 5088 quo·

1063 5079 1136 5132 iiiam
1146 5092 1186 5134 esi
1201 5083 1299 5135 bonum
1313 5082 1340 5137 in
1352 5085 1464 5153 eoquod
1477 5094 1528 5150 est,
1541 5083 1644 5140 scilicet
1656 5102 1712 5141 suae
1725 5090 1849 5145 essentie

1062 5151 1176 5205 veritate
1186 5167 1193 5218 ;
1205 5152 1350 5208 secundum
1365 5168 1430 5209 vero
1447 5156 1557 5221 bonum,
1571 5157 1658 5223 ipsum
1675 5173 1782 5229 quoque
1797 5162 1847 5216 bo·

1064 5235 1126 5275 uum
1141 5232 1201 5283 εει,
1218 5237 1270 5276 non
1291 5224 1396 5292 quidem
1419 5240 1475 5280 εειε
1498 5228 1621 5280 essentiae
1642 5218 1774 5296 tacitae,
1798 5232 1846 5287 sed

1060 5291 1175 5362 quadam
1189 5292 1404 5349 denominatione
1418 5311 1478 5363 quae
1498 5296 1593 5352 Graece
1607 5303 1754 5370 μετωνυμία
1769 5317 1847 5356 voca·

1062 5372 1114 5416 tui.
1131 5361 1205 5419 Unde
1222 5363 1391 5419 manifestum
1413 5376 1471 5432 εει,
1490 5366 1567 5436 iuxta
1587 5372 1747 5425 naturalium
1769 5388 1848 5441 regii·

1061 5434 1130 5495 lam,
1150 5450 1211 5488 eiiio
1233 5449 1312 5505 supra
1327 5435 1463 5502 divisisse,
1488 5454 1549 5493 cuin
1562 5439 1621 5494 ait:
1645 5441 1683 5495 Ea
1701 5459 1762 5512 qum
1784 5456 1848 5499 sunt

1064 5505 1149 5569 bona,
1172 5520 1263 5574 quaeio
1277 5521 1310 5560 aii
1331 5510 1533 5576 participatione
1555 5526 1589 5564 an
1610 5513 1755 5568 substantia
1776 5516 1847 5570 bona

1064 5585 1136 5630 sunt.
1158 5577 1289 5644 Quidquid
1304 5580 1374 5632 enim
1397 5581 1553 5636 naturaiiter
1567 5580 1600 5636 de
1614 5585 1777 5640 subsistente
1803 5587 1846 5641 di-

1065 5649 1142 5708 cliiii,
1154 5659 1199 5701 aut
1212 5647 1268 5716 ejus
1283 5647 1466 5713 subsistentia,
1480 5661 1526 5704 aut
1539 5653 1598 5719 eius
1612 5655 1750 5722 accidens,
1772 5667 1846 5713 recte

1065 5716 1232 5788 intelligitur.
1249 5717 1350 5774 Praeter
1365 5721 1423 5774 btcc
1445 5732 1533 5776 tamen
1548 5725 1582 5778 de
1598 5725 1653 5794 ipsa
1673 5736 1745 5779 eitra
1766 5738 1845 5780 uatu-

1065 5787 1160 5848 ratium
1175 5787 1327 5848 facultatem
1342 5790 1455 5869 plurima
1473 5792 1614 5860 dicuntur,
1633 5795 1702 5855 iuter
1716 5812 1774 5867 qma
1795 5795 1844 5854 iiia
