<?xml version="1.0" encoding="UTF-8"?>
<!DOCTYPE html PUBLIC "-//W3C//DTD XHTML 1.0 Transitional//EN"
    "http://www.w3.org/TR/xhtml1/DTD/xhtml1-transitional.dtd">
<html xmlns="http://www.w3.org/1999/xhtml" xml:lang="en" lang="en">
 <head>
  <title>
</title>
<meta http-equiv="Content-Type" content="text/html;charset=utf-8" />
  <meta name='ocr-system' content='tesseract 3.04.00' />
  <meta name='ocr-capabilities' content='ocr_page ocr_carea ocr_par ocr_line ocrx_word'/>
</head>
<body>
  <div class='ocr_page' id='page_1' title='image "./patrologiaecurs16goog_0320.png"; bbox 0 0 3946 6186; ppageno 0'>
   <div class='ocr_carea' id='block_1_1' title="bbox 127 304 1765 389">
    <p class='ocr_par' dir='ltr' id='par_1_1' title="bbox 127 304 1765 389">
     <span class='ocr_line' id='line_1_1' title="bbox 127 304 1765 389; baseline -0.006 -13"><span class='ocrx_word' id='word_1_1' title='bbox 127 319 182 385; x_wconf 60' lang='lat' dir='ltr'><strong><em>tm</em></strong></span> <span class='ocrx_word' id='word_1_2' title='bbox 491 312 525 370; x_wconf 75' lang='lat' dir='ltr'><strong><em>lii</em></strong></span> <span class='ocrx_word' id='word_1_3' title='bbox 543 311 671 371; x_wconf 75' lang='lat' dir='ltr'><strong><em>ubuutt</em></strong></span> <span class='ocrx_word' id='word_1_4' title='bbox 691 312 736 369; x_wconf 81' lang='lat' dir='ltr'><strong><em>DE</em></strong></span> <span class='ocrx_word' id='word_1_5' title='bbox 756 304 1079 389; x_wconf 68' lang='lat' dir='ltr'><strong><em>bttutnbttrtottt</em></strong></span> <span class='ocrx_word' id='word_1_6' title='bbox 1099 309 1210 369; x_wconf 76' lang='lat' dir='ltr'><strong><em>[tuitio</em></strong></span> <span class='ocrx_word' id='word_1_7' title='bbox 1229 311 1400 374; x_wconf 76' lang='lat' dir='ltr'><strong>SECUNDA.</strong></span> <span class='ocrx_word' id='word_1_8' title='bbox 1713 310 1765 366; x_wconf 79' lang='lat'><strong><em>650</em></strong></span> 
     </span>
    </p>
   </div>
   <div class='ocr_carea' id='block_1_2' title="bbox 83 423 1786 3995">
    <p class='ocr_par' dir='ltr' id='par_1_2' title="bbox 83 423 1786 3995">
     <span class='ocr_line' id='line_1_2' title="bbox 127 423 1767 503; baseline -0.011 -8"><span class='ocrx_word' id='word_1_9' title='bbox 127 443 164 495; x_wconf 91' lang='lat' dir='ltr'><strong><em>tio</em></strong></span> <span class='ocrx_word' id='word_1_10' title='bbox 178 450 244 494; x_wconf 86' lang='lat' dir='ltr'><strong><em>roro</em></strong></span> <span class='ocrx_word' id='word_1_11' title='bbox 266 435 366 497; x_wconf 87' lang='lat' dir='ltr'><strong><em>maium</em></strong></span> <span class='ocrx_word' id='word_1_12' title='bbox 379 445 440 489; x_wconf 83' lang='lat' dir='ltr'><strong><em>esre</em></strong></span> <span class='ocrx_word' id='word_1_13' title='bbox 454 431 526 503; x_wconf 93' lang='lat' dir='ltr'><strong><em>quod</em></strong></span> <span class='ocrx_word' id='word_1_14' title='bbox 539 432 639 496; x_wconf 85' lang='lat' dir='ltr'><strong><em>bonum</em></strong></span> <span class='ocrx_word' id='word_1_15' title='bbox 653 438 710 497; x_wconf 84' lang='lat' dir='ltr'><strong><em>est;</em></strong></span> <span class='ocrx_word' id='word_1_16' title='bbox 735 429 843 501; x_wconf 82' lang='lat' dir='ltr'><strong><em>rtsgatio</em></strong></span> <span class='ocrx_word' id='word_1_17' title='bbox 855 444 917 501; x_wconf 77' lang='lat' dir='ltr'><strong><em>que</em></strong></span> <span class='ocrx_word' id='word_1_18' title='bbox 931 433 960 495; x_wconf 73' lang='grc' dir='ltr'>Α</span> <span class='ocrx_word' id='word_1_19' title='bbox 1009 427 1104 484; x_wconf 81' lang='lat' dir='ltr'><strong><em>Fateor</em></strong></span> <span class='ocrx_word' id='word_1_20' title='bbox 1126 437 1210 482; x_wconf 82' lang='lat' dir='ltr'><strong><em>autern</em></strong></span> <span class='ocrx_word' id='word_1_21' title='bbox 1227 436 1266 482; x_wconf 87' lang='grc' dir='ltr'><strong><em>εει</em></strong></span> <span class='ocrx_word' id='word_1_22' title='bbox 1286 429 1397 483; x_wconf 80' lang='lat' dir='ltr'><strong><em>mesine</em></strong></span> <span class='ocrx_word' id='word_1_23' title='bbox 1417 427 1486 482; x_wconf 85' lang='lat' dir='ltr'><strong><em>circo</em></strong></span> <span class='ocrx_word' id='word_1_24' title='bbox 1508 426 1610 497; x_wconf 84' lang='lat' dir='ltr'><strong><em>rinputo</em></strong></span> <span class='ocrx_word' id='word_1_25' title='bbox 1630 425 1674 494; x_wconf 86' lang='lat' dir='ltr'><strong><em>qui</em></strong></span> <span class='ocrx_word' id='word_1_26' title='bbox 1691 423 1767 478; x_wconf 79' lang='lat' dir='ltr'><strong><em>noter</em></strong></span> 
     </span>
     <span class='ocr_line' id='line_1_3' title="bbox 126 517 1768 594; baseline -0.007 -10"><span class='ocrx_word' id='word_1_27' title='bbox 126 540 167 589; x_wconf 87' lang='grc' dir='ltr'><strong><em>εει</em></strong></span> <span class='ocrx_word' id='word_1_28' title='bbox 182 544 235 584; x_wconf 90' lang='lat' dir='ltr'><strong><em>non</em></strong></span> <span class='ocrx_word' id='word_1_29' title='bbox 255 525 430 589; x_wconf 78' lang='lat' dir='ltr'><strong><em>essebonum</em></strong></span> <span class='ocrx_word' id='word_1_30' title='bbox 444 522 515 594; x_wconf 93' lang='lat' dir='ltr'><strong><em>quod</em></strong></span> <span class='ocrx_word' id='word_1_31' title='bbox 530 522 628 579; x_wconf 88' lang='lat' dir='ltr'><strong><em>bonum</em></strong></span> <span class='ocrx_word' id='word_1_32' title='bbox 651 530 702 586; x_wconf 96' lang='grc' dir='ltr'><strong>εει,</strong></span> <span class='ocrx_word' id='word_1_33' title='bbox 730 519 803 575; x_wconf 88' lang='lat' dir='ltr'><strong><em>iiiam</em></strong></span> <span class='ocrx_word' id='word_1_34' title='bbox 824 534 921 576; x_wconf 89' lang='lat' dir='ltr'><strong><em>secuu-</em></strong></span> <span class='ocrx_word' id='word_1_35' title='bbox 974 520 1129 576; x_wconf 84' lang='lat' dir='ltr'><strong><em>controriotn</em></strong></span> <span class='ocrx_word' id='word_1_36' title='bbox 1142 518 1299 589; x_wconf 78' lang='lat' dir='ltr'><strong><em>opinionem.</em></strong></span> <span class='ocrx_word' id='word_1_37' title='bbox 1314 517 1450 573; x_wconf 75' lang='lat' dir='ltr'><strong><em>Contraria</em></strong></span> <span class='ocrx_word' id='word_1_38' title='bbox 1464 519 1529 574; x_wconf 84' lang='lat' dir='ltr'><strong><em>eninr</em></strong></span> <span class='ocrx_word' id='word_1_39' title='bbox 1539 533 1628 574; x_wconf 87' lang='lat' dir='ltr'><strong><em>eornm</em></strong></span> <span class='ocrx_word' id='word_1_40' title='bbox 1638 525 1696 571; x_wconf 88' lang='lat' dir='ltr'><strong><em>sunt</em></strong></span> <span class='ocrx_word' id='word_1_41' title='bbox 1709 528 1768 587; x_wconf 75' lang='lat' dir='ltr'><strong><em>quoa</em></strong></span> 
     </span>
     <span class='ocr_line' id='line_1_4' title="bbox 128 608 1768 688; baseline -0.008 -14"><span class='ocrx_word' id='word_1_42' title='bbox 128 622 192 676; x_wconf 85' lang='lat' dir='ltr'><strong><em>dum</em></strong></span> <span class='ocrx_word' id='word_1_43' title='bbox 215 633 247 675; x_wconf 82' lang='lat' dir='ltr'><strong><em>tc</em></strong></span> <span class='ocrx_word' id='word_1_44' title='bbox 261 618 417 688; x_wconf 85' lang='lat' dir='ltr'><strong><em>opinionem</em></strong></span> <span class='ocrx_word' id='word_1_45' title='bbox 430 628 521 671; x_wconf 84' lang='lat' dir='ltr'><strong><em>teram</em></strong></span> <span class='ocrx_word' id='word_1_46' title='bbox 537 612 719 684; x_wconf 83' lang='lat' dir='ltr'><strong><em>perimitque</em></strong></span> <span class='ocrx_word' id='word_1_47' title='bbox 733 611 798 668; x_wconf 88' lang='lat' dir='ltr'><strong><em>dicit</em></strong></span> <span class='ocrx_word' id='word_1_48' title='bbox 818 611 920 669; x_wconf 86' lang='lat' dir='ltr'><strong><em>bouum</em></strong></span> <span class='ocrx_word' id='word_1_49' title='bbox 974 612 1196 683; x_wconf 78' lang='lat' dir='ltr'><strong><em>ptortrnonctno</em></strong></span> <span class='ocrx_word' id='word_1_50' title='bbox 1211 608 1421 676; x_wconf 75' lang='lat' dir='ltr'><strong><em>idemdifferunt.</em></strong></span> <span class='ocrx_word' id='word_1_51' title='bbox 1440 610 1548 677; x_wconf 83' lang='lat' dir='ltr'><strong><em>Quodsi</em></strong></span> <span class='ocrx_word' id='word_1_52' title='bbox 1564 611 1768 664; x_wconf 82' lang='lat' dir='ltr'><strong><em>borumoontro·</em></strong></span> 
     </span>
     <span class='ocr_line' id='line_1_5' title="bbox 128 701 1770 784; baseline -0.01 -14"><span class='ocrx_word' id='word_1_53' title='bbox 128 711 276 784; x_wconf 86' lang='lat' dir='ltr'><strong><em>essequod</em></strong></span> <span class='ocrx_word' id='word_1_54' title='bbox 289 711 388 777; x_wconf 76' lang='lat' dir='ltr'><strong><em>bonurn</em></strong></span> <span class='ocrx_word' id='word_1_55' title='bbox 412 718 465 765; x_wconf 91' lang='lat' dir='ltr'><strong><em>est.</em></strong></span> <span class='ocrx_word' id='word_1_56' title='bbox 481 706 530 762; x_wconf 85' lang='lat' dir='ltr'><strong><em>ttta</em></strong></span> <span class='ocrx_word' id='word_1_57' title='bbox 544 721 611 763; x_wconf 87' lang='lat' dir='ltr'><strong><em>rcro</em></strong></span> <span class='ocrx_word' id='word_1_58' title='bbox 624 704 767 763; x_wconf 85' lang='lat' dir='ltr'><strong><em>atdrmatio</em></strong></span> <span class='ocrx_word' id='word_1_59' title='bbox 782 706 919 777; x_wconf 89' lang='lat' dir='ltr'><strong><em>contrarii,</em></strong></span> <span class='ocrx_word' id='word_1_60' title='bbox 973 704 1125 776; x_wconf 76' lang='lat' dir='ltr'><strong><em>sicquidem</em></strong></span> <span class='ocrx_word' id='word_1_61' title='bbox 1141 712 1180 772; x_wconf 77' lang='lat' dir='ltr'><strong><em>ert</em></strong></span> <span class='ocrx_word' id='word_1_62' title='bbox 1199 703 1291 772; x_wconf 79' lang='lat' dir='ltr'><strong><em>ottero,</em></strong></span> <span class='ocrx_word' id='word_1_63' title='bbox 1310 701 1462 773; x_wconf 82' lang='lat' dir='ltr'><strong><em>moqiroero</em></strong></span> <span class='ocrx_word' id='word_1_64' title='bbox 1476 701 1604 757; x_wconf 84' lang='lat' dir='ltr'><strong><em>contrario</em></strong></span> <span class='ocrx_word' id='word_1_65' title='bbox 1618 709 1770 755; x_wconf 85' lang='lat' dir='ltr'><strong><em>erttontro·</em></strong></span> 
     </span>
     <span class='ocr_line' id='line_1_6' title="bbox 128 791 1716 877; baseline -0.009 -15"><span class='ocrx_word' id='word_1_66' title='bbox 128 820 189 877; x_wconf 78' lang='lat' dir='ltr'><strong><em>quoe</em></strong></span> <span class='ocrx_word' id='word_1_67' title='bbox 203 814 244 860; x_wconf 88' lang='lat' dir='ltr'><strong><em>est</em></strong></span> <span class='ocrx_word' id='word_1_68' title='bbox 259 803 358 858; x_wconf 88' lang='lat' dir='ltr'><strong><em>maium</em></strong></span> <span class='ocrx_word' id='word_1_69' title='bbox 373 796 518 868; x_wconf 70' lang='lat' dir='ltr'><strong><em>essequod</em></strong></span> <span class='ocrx_word' id='word_1_70' title='bbox 542 796 641 852; x_wconf 89' lang='lat' dir='ltr'><strong><em>bonum</em></strong></span> <span class='ocrx_word' id='word_1_71' title='bbox 656 806 709 863; x_wconf 86' lang='lat' dir='ltr'><strong><em>eet,</em></strong></span> <span class='ocrx_word' id='word_1_72' title='bbox 730 794 804 850; x_wconf 85' lang='lat' dir='ltr'><strong><em>iiiam</em></strong></span> <span class='ocrx_word' id='word_1_73' title='bbox 819 795 922 866; x_wconf 89' lang='lat' dir='ltr'><strong><em>opinio·</em></strong></span> <span class='ocrx_word' id='word_1_74' title='bbox 974 800 1064 868; x_wconf 80' lang='lat' dir='ltr'><strong><em>dictio,</em></strong></span> <span class='ocrx_word' id='word_1_75' title='bbox 1079 795 1243 869; x_wconf 72' lang='lat' dir='ltr'><strong><em>menifestum</em></strong></span> <span class='ocrx_word' id='word_1_76' title='bbox 1257 800 1295 849; x_wconf 86' lang='grc' dir='ltr'><strong><em>εει</em></strong></span> <span class='ocrx_word' id='word_1_77' title='bbox 1308 791 1430 865; x_wconf 79' lang='lat' dir='ltr'><strong><em>qnoniam</em></strong></span> <span class='ocrx_word' id='word_1_78' title='bbox 1445 791 1499 845; x_wconf 76' lang='lat' dir='ltr'><strong><em>itote</em></strong></span> <span class='ocrx_word' id='word_1_79' title='bbox 1514 792 1560 846; x_wconf 82' lang='lat' dir='ltr'><strong><em>erit</em></strong></span> <span class='ocrx_word' id='word_1_80' title='bbox 1575 791 1716 847; x_wconf 86' lang='lat' dir='ltr'><strong><em>contrario.</em></strong></span> 
     </span>
     <span class='ocr_line' id='line_1_7' title="bbox 130 883 1768 966; baseline -0.008 -16"><span class='ocrx_word' id='word_1_81' title='bbox 130 912 192 952; x_wconf 88' lang='lat' dir='ltr'><strong><em>nem</em></strong></span> <span class='ocrx_word' id='word_1_82' title='bbox 203 892 411 966; x_wconf 86' lang='lat' dir='ltr'><strong><em>perimitreram</em></strong></span> <span class='ocrx_word' id='word_1_83' title='bbox 423 887 528 960; x_wconf 77' lang='lat' dir='ltr'><strong><em>quaede</em></strong></span> <span class='ocrx_word' id='word_1_84' title='bbox 547 887 619 959; x_wconf 90' lang='lat' dir='ltr'><strong><em>bono</em></strong></span> <span class='ocrx_word' id='word_1_85' title='bbox 636 886 784 951; x_wconf 88' lang='lat' dir='ltr'><strong><em>secundum</em></strong></span> <span class='ocrx_word' id='word_1_86' title='bbox 796 888 922 953; x_wconf 82' lang='lat' dir='ltr'><strong><em>accidens</em></strong></span> <span class='ocrx_word' id='word_1_87' title='bbox 1009 891 1056 948; x_wconf 80' lang='lat' dir='ltr'><strong><em>Vis</em></strong></span> <span class='ocrx_word' id='word_1_88' title='bbox 1079 891 1167 961; x_wconf 81' lang='lat' dir='ltr'><strong><em>omnis</em></strong></span> <span class='ocrx_word' id='word_1_89' title='bbox 1189 887 1439 960; x_wconf 72' lang='lat' dir='ltr'><strong><em>argumentationis,</em></strong></span> <span class='ocrx_word' id='word_1_90' title='bbox 1460 892 1489 939; x_wconf 92' lang='grc' dir='ltr'><strong><em>ει</em></strong></span> <span class='ocrx_word' id='word_1_91' title='bbox 1509 883 1665 940; x_wconf 86' lang='lat' dir='ltr'><strong><em>breuissime</em></strong></span> <span class='ocrx_word' id='word_1_92' title='bbox 1684 897 1768 954; x_wconf 82' lang='lat' dir='ltr'><strong><em>expe·</em></strong></span> 
     </span>
     <span class='ocr_line' id='line_1_8' title="bbox 129 976 1768 1057; baseline -0.004 -19"><span class='ocrx_word' id='word_1_93' title='bbox 129 995 180 1052; x_wconf 85' lang='grc' dir='ltr'><strong>εει,</strong></span> <span class='ocrx_word' id='word_1_94' title='bbox 197 983 224 1039; x_wconf 94' lang='lat' dir='ltr'><strong><em>id</em></strong></span> <span class='ocrx_word' id='word_1_95' title='bbox 238 991 280 1038; x_wconf 87' lang='grc' dir='ltr'><strong><em>εει</em></strong></span> <span class='ocrx_word' id='word_1_96' title='bbox 302 977 471 1035; x_wconf 82' lang='lat' dir='ltr'><strong><em>neumatum</em></strong></span> <span class='ocrx_word' id='word_1_97' title='bbox 492 991 553 1035; x_wconf 85' lang='lat' dir='ltr'><strong><em>esse</em></strong></span> <span class='ocrx_word' id='word_1_98' title='bbox 569 977 642 1050; x_wconf 92' lang='lat' dir='ltr'><strong><em>quod</em></strong></span> <span class='ocrx_word' id='word_1_99' title='bbox 657 977 757 1034; x_wconf 88' lang='lat' dir='ltr'><strong><em>bonum</em></strong></span> <span class='ocrx_word' id='word_1_100' title='bbox 772 987 826 1035; x_wconf 94' lang='grc' dir='ltr'><strong>εει.</strong></span> <span class='ocrx_word' id='word_1_101' title='bbox 846 977 921 1037; x_wconf 84' lang='lat' dir='ltr'><strong><em>Cou-</em></strong></span> <span class='ocrx_word' id='word_1_102' title='bbox 974 984 1073 1057; x_wconf 85' lang='lat' dir='ltr'><strong><em>diatur,</em></strong></span> <span class='ocrx_word' id='word_1_103' title='bbox 1095 980 1249 1053; x_wconf 80' lang='lat' dir='ltr'><strong><em>hujusmodi</em></strong></span> <span class='ocrx_word' id='word_1_104' title='bbox 1264 989 1316 1038; x_wconf 88' lang='lat' dir='ltr'><strong><em>est.</em></strong></span> <span class='ocrx_word' id='word_1_105' title='bbox 1339 976 1426 1034; x_wconf 86' lang='lat' dir='ltr'><strong><em>Omne</em></strong></span> <span class='ocrx_word' id='word_1_106' title='bbox 1449 991 1540 1037; x_wconf 87' lang='lat' dir='ltr'><strong><em>rerum</em></strong></span> <span class='ocrx_word' id='word_1_107' title='bbox 1559 986 1604 1031; x_wconf 90' lang='lat' dir='ltr'><strong><em>aut</em></strong></span> <span class='ocrx_word' id='word_1_108' title='bbox 1622 978 1768 1044; x_wconf 81' lang='lat' dir='ltr'><strong><em>secundnm</em></strong></span> 
     </span>
     <span class='ocr_line' id='line_1_9' title="bbox 128 1067 1786 1146; baseline -0.001 -21"><span class='ocrx_word' id='word_1_109' title='bbox 128 1084 182 1131; x_wconf 81' lang='lat' dir='ltr'><strong><em>stat</em></strong></span> <span class='ocrx_word' id='word_1_110' title='bbox 203 1074 283 1144; x_wconf 78' lang='lat' dir='ltr'><strong><em>igitur</em></strong></span> <span class='ocrx_word' id='word_1_111' title='bbox 304 1070 389 1143; x_wconf 87' lang='lat' dir='ltr'><strong><em>magis</em></strong></span> <span class='ocrx_word' id='word_1_112' title='bbox 408 1069 503 1127; x_wconf 86' lang='lat' dir='ltr'><strong><em>iaisam</em></strong></span> <span class='ocrx_word' id='word_1_113' title='bbox 519 1084 579 1127; x_wconf 89' lang='lat' dir='ltr'><strong><em>esse</em></strong></span> <span class='ocrx_word' id='word_1_114' title='bbox 605 1067 761 1139; x_wconf 74' lang='lat' dir='ltr'><strong><em>opinionem</em></strong></span> <span class='ocrx_word' id='word_1_115' title='bbox 785 1085 844 1142; x_wconf 77' lang='lat' dir='ltr'><strong><em>quae</em></strong></span> <span class='ocrx_word' id='word_1_116' title='bbox 859 1069 924 1138; x_wconf 78' lang='lat' dir='ltr'><strong><em>dett</em></strong></span> <span class='ocrx_word' id='word_1_117' title='bbox 975 1090 1006 1146; x_wconf 80' lang='lat' dir='ltr'><strong><em>sp</em></strong></span> <span class='ocrx_word' id='word_1_118' title='bbox 1026 1088 1117 1132; x_wconf 86' lang='lat' dir='ltr'><strong><em>rerum</em></strong></span> <span class='ocrx_word' id='word_1_119' title='bbox 1133 1081 1185 1134; x_wconf 86' lang='lat' dir='ltr'><strong><em>est.</em></strong></span> <span class='ocrx_word' id='word_1_120' title='bbox 1200 1080 1248 1128; x_wconf 86' lang='lat' dir='ltr'><strong><em>aut</em></strong></span> <span class='ocrx_word' id='word_1_121' title='bbox 1261 1068 1406 1127; x_wconf 89' lang='lat' dir='ltr'><strong><em>secundum</em></strong></span> <span class='ocrx_word' id='word_1_122' title='bbox 1420 1067 1555 1143; x_wconf 78' lang='lat' dir='ltr'><strong><em>accidens,</em></strong></span> <span class='ocrx_word' id='word_1_123' title='bbox 1577 1068 1638 1137; x_wconf 93' lang='lat' dir='ltr'><strong><em>quia</em></strong></span> <span class='ocrx_word' id='word_1_124' title='bbox 1660 1074 1786 1125; x_wconf 88' lang='grc' dir='ltr'><strong>εεεεεεε’</strong></span> 
     </span>
     <span class='ocr_line' id='line_1_10' title="bbox 133 1144 1772 1234; baseline -0.004 -14"><span class='ocrx_word' id='word_1_125' title='bbox 133 1181 187 1231; x_wconf 83' lang='lat' dir='ltr'><strong><em>non</em></strong></span> <span class='ocrx_word' id='word_1_126' title='bbox 207 1177 268 1221; x_wconf 88' lang='lat' dir='ltr'><strong><em>esse</em></strong></span> <span class='ocrx_word' id='word_1_127' title='bbox 285 1162 385 1220; x_wconf 91' lang='lat' dir='ltr'><strong><em>bonum</em></strong></span> <span class='ocrx_word' id='word_1_128' title='bbox 400 1160 473 1234; x_wconf 89' lang='lat' dir='ltr'><strong><em>quod</em></strong></span> <span class='ocrx_word' id='word_1_129' title='bbox 492 1160 592 1218; x_wconf 89' lang='lat' dir='ltr'><strong><em>bonurn</em></strong></span> <span class='ocrx_word' id='word_1_130' title='bbox 614 1170 666 1229; x_wconf 88' lang='grc' dir='ltr'><strong>εει,</strong></span> <span class='ocrx_word' id='word_1_131' title='bbox 683 1161 868 1233; x_wconf 87' lang='lat' dir='ltr'><strong><em>potiusquam</em></strong></span> <span class='ocrx_word' id='word_1_132' title='bbox 890 1177 924 1233; x_wconf 74' lang='lat' dir='ltr'><strong><em>ca</em></strong></span> <span class='ocrx_word' id='word_1_133' title='bbox 976 1176 1018 1224; x_wconf 91' lang='grc' dir='ltr'><strong><em>εει</em></strong></span> <span class='ocrx_word' id='word_1_134' title='bbox 1030 1166 1112 1222; x_wconf 88' lang='lat' dir='ltr'><strong><em>etiarn</em></strong></span> <span class='ocrx_word' id='word_1_135' title='bbox 1131 1165 1240 1230; x_wconf 78' lang='lat' dir='ltr'><strong><em>ursum,</em></strong></span> <span class='ocrx_word' id='word_1_136' title='bbox 1258 1170 1304 1219; x_wconf 90' lang='lat' dir='ltr'><strong><em>aut</em></strong></span> <span class='ocrx_word' id='word_1_137' title='bbox 1319 1160 1465 1219; x_wconf 88' lang='lat' dir='ltr'><strong><em>secundum</em></strong></span> <span class='ocrx_word' id='word_1_138' title='bbox 1480 1172 1510 1215; x_wconf 91' lang='lat' dir='ltr'><strong><em>se</em></strong></span> <span class='ocrx_word' id='word_1_139' title='bbox 1524 1144 1619 1213; x_wconf 84' lang='lat' dir='ltr'><strong><em>iaisnrn</em></strong></span> <span class='ocrx_word' id='word_1_140' title='bbox 1640 1171 1712 1222; x_wconf 85' lang='lat' dir='ltr'><strong><em>esse,</em></strong></span> <span class='ocrx_word' id='word_1_141' title='bbox 1726 1165 1772 1214; x_wconf 83' lang='lat' dir='ltr'><strong><em>aut</em></strong></span> 
     </span>
     <span class='ocr_line' id='line_1_11' title="bbox 129 1250 1772 1328; baseline -0.003 -18"><span class='ocrx_word' id='word_1_142' title='bbox 129 1271 187 1326; x_wconf 76' lang='lat' dir='ltr'><strong><em>quae</em></strong></span> <span class='ocrx_word' id='word_1_143' title='bbox 201 1255 327 1326; x_wconf 73' lang='lat' dir='ltr'><strong><em>opinator</em></strong></span> <span class='ocrx_word' id='word_1_144' title='bbox 342 1253 442 1308; x_wconf 87' lang='lat' dir='ltr'><strong><em>maium</em></strong></span> <span class='ocrx_word' id='word_1_145' title='bbox 461 1251 604 1323; x_wconf 75' lang='lat' dir='ltr'><strong><em>essequod</em></strong></span> <span class='ocrx_word' id='word_1_146' title='bbox 619 1252 718 1309; x_wconf 88' lang='lat' dir='ltr'><strong><em>bonurn</em></strong></span> <span class='ocrx_word' id='word_1_147' title='bbox 739 1252 926 1325; x_wconf 76' lang='grc' dir='ltr'><strong><em>εει.’οεει1εἰΙ</em></strong></span> <span class='ocrx_word' id='word_1_148' title='bbox 976 1253 1284 1328; x_wconf 73' lang='lat' dir='ltr'><strong><em>peraccideus.ierum</em></strong></span> <span class='ocrx_word' id='word_1_149' title='bbox 1297 1263 1387 1309; x_wconf 89' lang='lat' dir='ltr'><strong><em>autern</em></strong></span> <span class='ocrx_word' id='word_1_150' title='bbox 1406 1250 1471 1308; x_wconf 82' lang='lat' dir='ltr'><strong><em>titud</em></strong></span> <span class='ocrx_word' id='word_1_151' title='bbox 1485 1265 1545 1307; x_wconf 89' lang='lat' dir='ltr'><strong><em>esso</em></strong></span> <span class='ocrx_word' id='word_1_152' title='bbox 1558 1250 1649 1306; x_wconf 82' lang='lat' dir='ltr'><strong><em>uerius</em></strong></span> <span class='ocrx_word' id='word_1_153' title='bbox 1667 1259 1772 1306; x_wconf 89' lang='lat' dir='ltr'><strong><em>cortstat</em></strong></span> 
     </span>
     <span class='ocr_line' id='line_1_12' title="bbox 129 1342 1773 1417; baseline -0.005 -11"><span class='ocrx_word' id='word_1_154' title='bbox 129 1358 170 1406; x_wconf 86' lang='grc' dir='ltr'><strong><em>εει</em></strong></span> <span class='ocrx_word' id='word_1_155' title='bbox 188 1347 283 1405; x_wconf 87' lang='lat' dir='ltr'><strong><em>ialsiur</em></strong></span> <span class='ocrx_word' id='word_1_156' title='bbox 308 1345 394 1417; x_wconf 89' lang='lat' dir='ltr'><strong><em>tnagis</em></strong></span> <span class='ocrx_word' id='word_1_157' title='bbox 417 1343 562 1412; x_wconf 87' lang='lat' dir='ltr'><strong><em>contrariu,</em></strong></span> <span class='ocrx_word' id='word_1_158' title='bbox 585 1344 670 1415; x_wconf 85' lang='lat' dir='ltr'><strong><em>magis</em></strong></span> <span class='ocrx_word' id='word_1_159' title='bbox 693 1346 774 1416; x_wconf 89' lang='lat' dir='ltr'><strong><em>igitur</em></strong></span> <span class='ocrx_word' id='word_1_160' title='bbox 787 1345 924 1402; x_wconf 87' lang='lat' dir='ltr'><strong><em>contraria</em></strong></span> <span class='ocrx_word' id='word_1_161' title='bbox 976 1346 1048 1417; x_wconf 93' lang='lat' dir='ltr'><strong><em>quod</em></strong></span> <span class='ocrx_word' id='word_1_162' title='bbox 1069 1345 1218 1404; x_wconf 88' lang='lat' dir='ltr'><strong><em>secundum</em></strong></span> <span class='ocrx_word' id='word_1_163' title='bbox 1240 1360 1270 1401; x_wconf 88' lang='lat' dir='ltr'><strong><em>se</em></strong></span> <span class='ocrx_word' id='word_1_164' title='bbox 1283 1353 1325 1401; x_wconf 90' lang='grc' dir='ltr'><strong><em>εει</em></strong></span> <span class='ocrx_word' id='word_1_165' title='bbox 1346 1344 1532 1417; x_wconf 90' lang='lat' dir='ltr'><strong><em>potiusquam</em></strong></span> <span class='ocrx_word' id='word_1_166' title='bbox 1553 1342 1619 1398; x_wconf 87' lang='lat' dir='ltr'><strong><em>iilud</em></strong></span> <span class='ocrx_word' id='word_1_167' title='bbox 1634 1345 1705 1414; x_wconf 91' lang='lat' dir='ltr'><strong><em>qnod</em></strong></span> <span class='ocrx_word' id='word_1_168' title='bbox 1726 1358 1773 1412; x_wconf 88' lang='lat' dir='ltr'><strong><em>per</em></strong></span> 
     </span>
     <span class='ocr_line' id='line_1_13' title="bbox 131 1434 1784 1513; baseline -0.005 -15"><span class='ocrx_word' id='word_1_169' title='bbox 131 1451 174 1498; x_wconf 85' lang='grc' dir='ltr'><strong><em>εει</em></strong></span> <span class='ocrx_word' id='word_1_170' title='bbox 194 1438 346 1513; x_wconf 71' lang='lat' dir='ltr'><strong><em>negationis</em></strong></span> <span class='ocrx_word' id='word_1_171' title='bbox 365 1437 458 1508; x_wconf 89' lang='lat' dir='ltr'><strong><em>opinio</em></strong></span> <span class='ocrx_word' id='word_1_172' title='bbox 474 1449 554 1507; x_wconf 86' lang='lat' dir='ltr'><strong><em>quam</em></strong></span> <span class='ocrx_word' id='word_1_173' title='bbox 569 1436 712 1492; x_wconf 76' lang='lat' dir='ltr'><strong><em>contrariae</em></strong></span> <span class='ocrx_word' id='word_1_174' title='bbox 727 1435 924 1493; x_wconf 73' lang='lat' dir='ltr'><strong><em>affirmationis.</em></strong></span> <span class='ocrx_word' id='word_1_175' title='bbox 976 1438 1122 1513; x_wconf 86' lang='lat' dir='ltr'><strong><em>accidens;</em></strong></span> <span class='ocrx_word' id='word_1_176' title='bbox 1137 1438 1182 1507; x_wconf 91' lang='lat' dir='ltr'><strong><em>qui</em></strong></span> <span class='ocrx_word' id='word_1_177' title='bbox 1203 1451 1268 1493; x_wconf 83' lang='lat' dir='ltr'><strong><em>uero</em></strong></span> <span class='ocrx_word' id='word_1_178' title='bbox 1281 1437 1442 1491; x_wconf 89' lang='lat' dir='ltr'><strong><em>contrariam</em></strong></span> <span class='ocrx_word' id='word_1_179' title='bbox 1457 1436 1491 1490; x_wconf 91' lang='lat' dir='ltr'><strong><em>de</em></strong></span> <span class='ocrx_word' id='word_1_180' title='bbox 1511 1450 1542 1491; x_wconf 88' lang='lat' dir='ltr'><strong><em>re</em></strong></span> <span class='ocrx_word' id='word_1_181' title='bbox 1560 1435 1674 1506; x_wconf 77' lang='lat' dir='ltr'><strong><em>aiicujus</em></strong></span> <span class='ocrx_word' id='word_1_182' title='bbox 1693 1434 1784 1490; x_wconf 89' lang='lat' dir='ltr'><strong><em>babet·</em></strong></span> 
     </span>
     <span class='ocr_line' id='line_1_14' title="bbox 132 1526 1772 1605; baseline -0.004 -16"><span class='ocrx_word' id='word_1_183' title='bbox 132 1533 265 1605; x_wconf 81' lang='lat' dir='ltr'><strong><em>Expedite</em></strong></span> <span class='ocrx_word' id='word_1_184' title='bbox 290 1531 371 1601; x_wconf 87' lang='lat' dir='ltr'><strong><em>igitur</em></strong></span> <span class='ocrx_word' id='word_1_185' title='bbox 400 1544 500 1596; x_wconf 87' lang='lat' dir='ltr'><strong><em>sensu,</em></strong></span> <span class='ocrx_word' id='word_1_186' title='bbox 526 1529 607 1585; x_wconf 80' lang='lat' dir='ltr'><strong><em>uerba</em></strong></span> <span class='ocrx_word' id='word_1_187' title='bbox 633 1529 689 1599; x_wconf 91' lang='lat' dir='ltr'><strong><em>ipsa</em></strong></span> <span class='ocrx_word' id='word_1_188' title='bbox 716 1529 925 1587; x_wconf 86' lang='lat' dir='ltr'><strong><em>demonstranda</em></strong></span> <span class='ocrx_word' id='word_1_189' title='bbox 976 1530 1131 1600; x_wconf 87' lang='lat' dir='ltr'><strong><em>opinionem</em></strong></span> <span class='ocrx_word' id='word_1_190' title='bbox 1149 1543 1229 1600; x_wconf 87' lang='lat' dir='ltr'><strong><em>quarn</em></strong></span> <span class='ocrx_word' id='word_1_191' title='bbox 1251 1542 1294 1583; x_wconf 90' lang='lat' dir='ltr'><strong><em>res</em></strong></span> <span class='ocrx_word' id='word_1_192' title='bbox 1312 1526 1368 1598; x_wconf 90' lang='lat' dir='ltr'><strong><em>ipsa</em></strong></span> <span class='ocrx_word' id='word_1_193' title='bbox 1387 1535 1440 1598; x_wconf 85' lang='grc' dir='ltr'><strong>εει,</strong></span> <span class='ocrx_word' id='word_1_194' title='bbox 1460 1542 1571 1584; x_wconf 84' lang='grc' dir='ltr'><strong>εεεεεεε</strong></span> <span class='ocrx_word' id='word_1_195' title='bbox 1591 1536 1631 1582; x_wconf 90' lang='grc' dir='ltr'><strong><em>εει</em></strong></span> <span class='ocrx_word' id='word_1_196' title='bbox 1646 1537 1673 1582; x_wconf 94' lang='grc' dir='ltr'><strong><em>ει</em></strong></span> <span class='ocrx_word' id='word_1_197' title='bbox 1687 1526 1772 1597; x_wconf 90' lang='lat' dir='ltr'><strong><em>pluri·</em></strong></span> 
     </span>
     <span class='ocr_line' id='line_1_15' title="bbox 132 1619 1770 1694; baseline -0.005 -11"><span class='ocrx_word' id='word_1_198' title='bbox 132 1635 206 1683; x_wconf 85' lang='lat' dir='ltr'><strong><em>suut.</em></strong></span> <span class='ocrx_word' id='word_1_199' title='bbox 227 1625 256 1680; x_wconf 73' lang='lat' dir='ltr'><strong><em>Si</em></strong></span> <span class='ocrx_word' id='word_1_200' title='bbox 268 1637 345 1694; x_wconf 88' lang='lat' dir='ltr'><strong><em>ergo,</em></strong></span> <span class='ocrx_word' id='word_1_201' title='bbox 360 1620 456 1692; x_wconf 89' lang='lat' dir='ltr'><strong><em>inquit,</em></strong></span> <span class='ocrx_word' id='word_1_202' title='bbox 472 1619 543 1692; x_wconf 91' lang='lat' dir='ltr'><strong><em>quod</em></strong></span> <span class='ocrx_word' id='word_1_203' title='bbox 558 1619 658 1675; x_wconf 87' lang='lat' dir='ltr'><strong><em>bonnm</em></strong></span> <span class='ocrx_word' id='word_1_204' title='bbox 668 1630 722 1688; x_wconf 89' lang='grc' dir='ltr'><strong>εει,</strong></span> <span class='ocrx_word' id='word_1_205' title='bbox 736 1621 770 1676; x_wconf 86' lang='lat' dir='ltr'><strong><em>sit</em></strong></span> <span class='ocrx_word' id='word_1_206' title='bbox 785 1620 884 1677; x_wconf 91' lang='lat' dir='ltr'><strong><em>bonum</em></strong></span> <span class='ocrx_word' id='word_1_207' title='bbox 898 1631 927 1685; x_wconf 85' lang='lat' dir='ltr'><strong><em>et</em></strong></span> <span class='ocrx_word' id='word_1_208' title='bbox 977 1637 1050 1678; x_wconf 86' lang='lat' dir='ltr'><strong><em>munt</em></strong></span> <span class='ocrx_word' id='word_1_209' title='bbox 1065 1620 1148 1678; x_wconf 86' lang='lat' dir='ltr'><strong><em>ialsus</em></strong></span> <span class='ocrx_word' id='word_1_210' title='bbox 1161 1623 1205 1677; x_wconf 90' lang='lat' dir='ltr'><strong><em>sit.</em></strong></span> <span class='ocrx_word' id='word_1_211' title='bbox 1228 1620 1334 1677; x_wconf 81' lang='lat' dir='ltr'><strong><em>Etenim</em></strong></span> <span class='ocrx_word' id='word_1_212' title='bbox 1355 1622 1532 1679; x_wconf 73' lang='lat' dir='ltr'><strong><em>contrarietas</em></strong></span> <span class='ocrx_word' id='word_1_213' title='bbox 1547 1619 1703 1691; x_wconf 84' lang='lat' dir='ltr'><strong><em>opinionum</em></strong></span> <span class='ocrx_word' id='word_1_214' title='bbox 1718 1627 1770 1686; x_wconf 87' lang='lat' dir='ltr'><strong><em>est,</em></strong></span> 
     </span>
     <span class='ocr_line' id='line_1_16' title="bbox 132 1709 1773 1783; baseline -0.003 -10"><span class='ocrx_word' id='word_1_215' title='bbox 132 1731 187 1773; x_wconf 93' lang='lat' dir='ltr'><strong><em>non</em></strong></span> <span class='ocrx_word' id='word_1_216' title='bbox 200 1717 236 1770; x_wconf 88' lang='lat' dir='ltr'><strong><em>sit</em></strong></span> <span class='ocrx_word' id='word_1_217' title='bbox 248 1715 359 1779; x_wconf 85' lang='lat' dir='ltr'><strong><em>muium,</em></strong></span> <span class='ocrx_word' id='word_1_218' title='bbox 376 1719 404 1768; x_wconf 90' lang='grc' dir='ltr'><strong><em>ει</em></strong></span> <span class='ocrx_word' id='word_1_219' title='bbox 418 1710 468 1765; x_wconf 92' lang='lat' dir='ltr'><strong><em>boo</em></strong></span> <span class='ocrx_word' id='word_1_220' title='bbox 480 1709 589 1781; x_wconf 86' lang='lat' dir='ltr'><strong><em>quidem</em></strong></span> <span class='ocrx_word' id='word_1_221' title='bbox 608 1709 755 1767; x_wconf 83' lang='lat' dir='ltr'><strong><em>secuudutu</em></strong></span> <span class='ocrx_word' id='word_1_222' title='bbox 774 1725 814 1780; x_wconf 88' lang='lat' dir='ltr'><strong><em>se,</em></strong></span> <span class='ocrx_word' id='word_1_223' title='bbox 830 1712 924 1779; x_wconf 87' lang='lat' dir='ltr'><strong><em>idest,</em></strong></span> <span class='ocrx_word' id='word_1_224' title='bbox 977 1713 1082 1782; x_wconf 90' lang='lat' dir='ltr'><strong><em>quoties</em></strong></span> <span class='ocrx_word' id='word_1_225' title='bbox 1095 1711 1350 1781; x_wconf 87' lang='lat' dir='ltr'><strong><em>deunaeademque</em></strong></span> <span class='ocrx_word' id='word_1_226' title='bbox 1363 1727 1391 1768; x_wconf 92' lang='lat' dir='ltr'><strong><em>re</em></strong></span> <span class='ocrx_word' id='word_1_227' title='bbox 1409 1712 1626 1783; x_wconf 83' lang='lat' dir='ltr'><strong><em>longissimease</em></strong></span> <span class='ocrx_word' id='word_1_228' title='bbox 1639 1712 1773 1769; x_wconf 75' lang='lat' dir='ltr'><strong><em>‘absisten-</em></strong></span> 
     </span>
     <span class='ocr_line' id='line_1_17' title="bbox 134 1800 1773 1896; baseline -0.001 -33"><span class='ocrx_word' id='word_1_229' title='bbox 134 1814 164 1863; x_wconf 90' lang='lat' dir='ltr'><strong><em>ut</em></strong></span> <span class='ocrx_word' id='word_1_230' title='bbox 176 1804 246 1876; x_wconf 91' lang='lat' dir='ltr'><strong><em>quod</em></strong></span> <span class='ocrx_word' id='word_1_231' title='bbox 267 1802 367 1860; x_wconf 86' lang='lat' dir='ltr'><strong><em>bonum</em></strong></span> <span class='ocrx_word' id='word_1_232' title='bbox 388 1801 433 1868; x_wconf 90' lang='lat' dir='ltr'><strong><em>eit,</em></strong></span> <span class='ocrx_word' id='word_1_233' title='bbox 449 1800 549 1856; x_wconf 90' lang='lat' dir='ltr'><strong><em>bonurn</em></strong></span> <span class='ocrx_word' id='word_1_234' title='bbox 563 1814 623 1855; x_wconf 89' lang='grc' dir='ltr'><strong>εεεε</strong></span> <span class='ocrx_word' id='word_1_235' title='bbox 638 1800 757 1871; x_wconf 91' lang='lat' dir='ltr'><strong><em>dicatur,</em></strong></span> <span class='ocrx_word' id='word_1_236' title='bbox 780 1802 845 1858; x_wconf 87' lang='lat' dir='ltr'><strong><em>iliud</em></strong></span> <span class='ocrx_word' id='word_1_237' title='bbox 859 1819 925 1860; x_wconf 86' lang='lat' dir='ltr'><strong><em>uero</em></strong></span> <span class='ocrx_word' id='word_1_238' title='bbox 940 1815 1021 1896; x_wconf 58' lang='grc' dir='ltr'><strong>ῃιεε</strong></span> <span class='ocrx_word' id='word_1_239' title='bbox 1031 1806 1171 1875; x_wconf 88' lang='lat' dir='ltr'><strong><em>opiniones</em></strong></span> <span class='ocrx_word' id='word_1_240' title='bbox 1186 1812 1258 1859; x_wconf 88' lang='lat' dir='ltr'><strong><em>sunt.</em></strong></span> <span class='ocrx_word' id='word_1_241' title='bbox 1272 1802 1347 1871; x_wconf 82' lang='lat' dir='ltr'><strong><em>Quod</em></strong></span> <span class='ocrx_word' id='word_1_242' title='bbox 1364 1802 1443 1874; x_wconf 85' lang='lat' dir='ltr'><strong><em>igitur</em></strong></span> <span class='ocrx_word' id='word_1_243' title='bbox 1455 1804 1538 1873; x_wconf 86' lang='lat' dir='ltr'><strong><em>magis</em></strong></span> <span class='ocrx_word' id='word_1_244' title='bbox 1551 1803 1646 1860; x_wconf 87' lang='lat' dir='ltr'><strong><em>iaisum</em></strong></span> <span class='ocrx_word' id='word_1_245' title='bbox 1658 1813 1708 1869; x_wconf 87' lang='lat' dir='ltr'><strong><em>est,</em></strong></span> <span class='ocrx_word' id='word_1_246' title='bbox 1721 1803 1773 1861; x_wconf 87' lang='lat' dir='ltr'><strong><em>boe</em></strong></span> 
     </span>
     <span class='ocr_line' id='line_1_18' title="bbox 134 1892 1774 1969; baseline -0.001 -14"><span class='ocrx_word' id='word_1_247' title='bbox 134 1896 281 1968; x_wconf 82' lang='lat' dir='ltr'><strong><em>secuudum</em></strong></span> <span class='ocrx_word' id='word_1_248' title='bbox 294 1893 434 1962; x_wconf 85' lang='lat' dir='ltr'><strong><em>accident,</em></strong></span> <span class='ocrx_word' id='word_1_249' title='bbox 445 1892 496 1949; x_wconf 91' lang='lat' dir='ltr'><strong><em>boc</em></strong></span> <span class='ocrx_word' id='word_1_250' title='bbox 510 1903 551 1949; x_wconf 90' lang='lat' dir='ltr'><strong><em>est</em></strong></span> <span class='ocrx_word' id='word_1_251' title='bbox 563 1894 633 1963; x_wconf 90' lang='lat' dir='ltr'><strong><em>quod</em></strong></span> <span class='ocrx_word' id='word_1_252' title='bbox 645 1893 745 1949; x_wconf 88' lang='lat' dir='ltr'><strong><em>bouum</em></strong></span> <span class='ocrx_word' id='word_1_253' title='bbox 758 1904 808 1962; x_wconf 88' lang='lat' dir='ltr'><strong><em>est,</em></strong></span> <span class='ocrx_word' id='word_1_254' title='bbox 826 1905 854 1954; x_wconf 91' lang='grc' dir='ltr'><strong><em>ει</em></strong></span> <span class='ocrx_word' id='word_1_255' title='bbox 869 1912 926 1953; x_wconf 85' lang='lat' dir='ltr'><strong><em>uta·</em></strong></span> <span class='ocrx_word' id='word_1_256' title='bbox 978 1899 1032 1955; x_wconf 91' lang='lat' dir='ltr'><strong><em>erit</em></strong></span> <span class='ocrx_word' id='word_1_257' title='bbox 1044 1899 1124 1953; x_wconf 87' lang='lat' dir='ltr'><strong><em>ctiam</em></strong></span> <span class='ocrx_word' id='word_1_258' title='bbox 1139 1897 1315 1953; x_wconf 88' lang='lat' dir='ltr'><strong><em>contrarium.</em></strong></span> <span class='ocrx_word' id='word_1_259' title='bbox 1331 1895 1398 1952; x_wconf 89' lang='lat' dir='ltr'><strong><em>iilud</em></strong></span> <span class='ocrx_word' id='word_1_260' title='bbox 1412 1899 1484 1953; x_wconf 90' lang='lat' dir='ltr'><strong><em>enim</em></strong></span> <span class='ocrx_word' id='word_1_261' title='bbox 1498 1895 1569 1968; x_wconf 89' lang='lat' dir='ltr'><strong><em>quod</em></strong></span> <span class='ocrx_word' id='word_1_262' title='bbox 1582 1898 1691 1969; x_wconf 79' lang='lat' dir='ltr'><strong><em>magica</em></strong></span> <span class='ocrx_word' id='word_1_263' title='bbox 1704 1899 1774 1954; x_wconf 69' lang='lat' dir='ltr'><strong><em>reri</em></strong></span> 
     </span>
     <span class='ocr_line' id='line_1_19' title="bbox 134 1979 1774 2060; baseline 0.002 -18"><span class='ocrx_word' id='word_1_264' title='bbox 134 1988 191 2048; x_wconf 91' lang='lat' dir='ltr'><strong><em>lum</em></strong></span> <span class='ocrx_word' id='word_1_265' title='bbox 207 1999 262 2041; x_wconf 91' lang='lat' dir='ltr'><strong><em>nou</em></strong></span> <span class='ocrx_word' id='word_1_266' title='bbox 278 1986 322 2042; x_wconf 88' lang='lat' dir='ltr'><strong><em>sit.</em></strong></span> <span class='ocrx_word' id='word_1_267' title='bbox 344 1979 449 2041; x_wconf 74' lang='lat' dir='ltr'><strong><em>Accidit</em></strong></span> <span class='ocrx_word' id='word_1_268' title='bbox 462 1983 535 2040; x_wconf 89' lang='lat' dir='ltr'><strong><em>cuim</em></strong></span> <span class='ocrx_word' id='word_1_269' title='bbox 550 1984 576 2039; x_wconf 88' lang='lat' dir='ltr'><strong><em>ei</em></strong></span> <span class='ocrx_word' id='word_1_270' title='bbox 595 1984 694 2051; x_wconf 83' lang='lat' dir='ltr'><strong><em>malum</em></strong></span> <span class='ocrx_word' id='word_1_271' title='bbox 709 2000 765 2040; x_wconf 90' lang='lat' dir='ltr'><strong><em>uon</em></strong></span> <span class='ocrx_word' id='word_1_272' title='bbox 782 2001 855 2055; x_wconf 86' lang='grc' dir='ltr'><strong>εεεε,</strong></span> <span class='ocrx_word' id='word_1_273' title='bbox 871 2003 927 2055; x_wconf 84' lang='lat' dir='ltr'><strong><em>rua·</em></strong></span> <span class='ocrx_word' id='word_1_274' title='bbox 979 1999 1035 2047; x_wconf 88' lang='lat' dir='ltr'><strong><em>tate</em></strong></span> <span class='ocrx_word' id='word_1_275' title='bbox 1046 1989 1132 2057; x_wconf 83' lang='lat' dir='ltr'><strong><em>abest,</em></strong></span> <span class='ocrx_word' id='word_1_276' title='bbox 1146 1988 1198 2045; x_wconf 90' lang='lat' dir='ltr'><strong><em>boc</em></strong></span> <span class='ocrx_word' id='word_1_277' title='bbox 1211 1990 1296 2059; x_wconf 90' lang='lat' dir='ltr'><strong><em>magis</em></strong></span> <span class='ocrx_word' id='word_1_278' title='bbox 1307 1988 1404 2044; x_wconf 69' lang='lat' dir='ltr'><strong><em>irrisum</em></strong></span> <span class='ocrx_word' id='word_1_279' title='bbox 1418 1997 1470 2046; x_wconf 89' lang='grc' dir='ltr'><strong>εει.</strong></span> <span class='ocrx_word' id='word_1_280' title='bbox 1484 1989 1513 2044; x_wconf 88' lang='lat' dir='ltr'><strong><em>in</em></strong></span> <span class='ocrx_word' id='word_1_281' title='bbox 1525 1988 1698 2060; x_wconf 76' lang='lat' dir='ltr'><strong><em>opinionibus</em></strong></span> <span class='ocrx_word' id='word_1_282' title='bbox 1708 2005 1774 2046; x_wconf 82' lang='lat' dir='ltr'><strong><em>uera</em></strong></span> 
     </span>
     <span class='ocr_line' id='line_1_20' title="bbox 135 2077 1773 2153; baseline -0.002 -16"><span class='ocrx_word' id='word_1_283' title='bbox 135 2083 176 2151; x_wconf 85' lang='lat' dir='ltr'><strong><em>gis</em></strong></span> <span class='ocrx_word' id='word_1_284' title='bbox 188 2090 280 2138; x_wconf 83' lang='lat' dir='ltr'><strong><em>autent</em></strong></span> <span class='ocrx_word' id='word_1_285' title='bbox 296 2077 323 2135; x_wconf 95' lang='lat' dir='ltr'><strong><em>in</em></strong></span> <span class='ocrx_word' id='word_1_286' title='bbox 339 2089 501 2148; x_wconf 86' lang='lat' dir='ltr'><strong><em>unoquoquo</em></strong></span> <span class='ocrx_word' id='word_1_287' title='bbox 512 2084 556 2132; x_wconf 90' lang='grc' dir='ltr'><strong><em>εει</em></strong></span> <span class='ocrx_word' id='word_1_288' title='bbox 568 2088 644 2144; x_wconf 82' lang='lat' dir='ltr'><strong><em>sera,</em></strong></span> <span class='ocrx_word' id='word_1_289' title='bbox 658 2091 719 2148; x_wconf 78' lang='lat' dir='ltr'><strong><em>quae</em></strong></span> <span class='ocrx_word' id='word_1_290' title='bbox 738 2079 885 2136; x_wconf 86' lang='lat' dir='ltr'><strong><em>secundum</em></strong></span> <span class='ocrx_word' id='word_1_291' title='bbox 896 2095 929 2147; x_wconf 84' lang='grc' dir='ltr'><strong><em>εε</em></strong></span> <span class='ocrx_word' id='word_1_292' title='bbox 979 2088 1067 2153; x_wconf 86' lang='lat' dir='ltr'><strong><em>qua&#39;ca</em></strong></span> <span class='ocrx_word' id='word_1_293' title='bbox 1083 2096 1113 2137; x_wconf 91' lang='lat' dir='ltr'><strong><em>se</em></strong></span> <span class='ocrx_word' id='word_1_294' title='bbox 1126 2081 1269 2151; x_wconf 84' lang='lat' dir='ltr'><strong><em>pturtmum</em></strong></span> <span class='ocrx_word' id='word_1_295' title='bbox 1284 2078 1422 2145; x_wconf 74' lang='lat' dir='ltr'><strong><em>differunt,</em></strong></span> <span class='ocrx_word' id='word_1_296' title='bbox 1438 2094 1468 2135; x_wconf 89' lang='lat' dir='ltr'><strong><em>ea</em></strong></span> <span class='ocrx_word' id='word_1_297' title='bbox 1485 2091 1546 2136; x_wconf 89' lang='lat' dir='ltr'><strong><em>sunt</em></strong></span> <span class='ocrx_word' id='word_1_298' title='bbox 1560 2079 1712 2143; x_wconf 71' lang='lat' dir='ltr'><strong><em>contrariu:</em></strong></span> <span class='ocrx_word' id='word_1_299' title='bbox 1728 2079 1773 2135; x_wconf 84' lang='grc' dir='ltr'><strong>ἰΙΙε</strong></span> 
     </span>
     <span class='ocr_line' id='line_1_21' title="bbox 134 2165 1776 2249; baseline -0.003 -20"><span class='ocrx_word' id='word_1_300' title='bbox 134 2181 188 2230; x_wconf 92' lang='lat' dir='ltr'><strong><em>ost.</em></strong></span> <span class='ocrx_word' id='word_1_301' title='bbox 199 2172 267 2227; x_wconf 86' lang='lat' dir='ltr'><strong><em>Nam</em></strong></span> <span class='ocrx_word' id='word_1_302' title='bbox 280 2170 351 2242; x_wconf 89' lang='lat' dir='ltr'><strong><em>quod</em></strong></span> <span class='ocrx_word' id='word_1_303' title='bbox 362 2165 511 2227; x_wconf 85' lang='lat' dir='ltr'><strong><em>secuudum</em></strong></span> <span class='ocrx_word' id='word_1_304' title='bbox 524 2167 733 2240; x_wconf 77' lang='lat' dir='ltr'><strong><em>uniuscuiusque</em></strong></span> <span class='ocrx_word' id='word_1_305' title='bbox 742 2178 864 2226; x_wconf 90' lang='lat' dir='ltr'><strong><em>naturant</em></strong></span> <span class='ocrx_word' id='word_1_306' title='bbox 875 2179 930 2245; x_wconf 81' lang='lat' dir='ltr'><strong><em>est,</em></strong></span> <span class='ocrx_word' id='word_1_307' title='bbox 979 2174 1060 2249; x_wconf 89' lang='lat' dir='ltr'><strong><em>igitur</em></strong></span> <span class='ocrx_word' id='word_1_308' title='bbox 1081 2172 1109 2228; x_wconf 93' lang='lat' dir='ltr'><strong><em>in</em></strong></span> <span class='ocrx_word' id='word_1_309' title='bbox 1131 2170 1303 2242; x_wconf 87' lang='lat' dir='ltr'><strong><em>opinionibus</em></strong></span> <span class='ocrx_word' id='word_1_310' title='bbox 1323 2170 1459 2227; x_wconf 88' lang='lat' dir='ltr'><strong><em>contraria</em></strong></span> <span class='ocrx_word' id='word_1_311' title='bbox 1481 2178 1522 2226; x_wconf 89' lang='grc' dir='ltr'><strong><em>εει</em></strong></span> <span class='ocrx_word' id='word_1_312' title='bbox 1545 2185 1605 2241; x_wconf 79' lang='lat' dir='ltr'><strong><em>qum</em></strong></span> <span class='ocrx_word' id='word_1_313' title='bbox 1628 2171 1776 2241; x_wconf 75' lang='lat' dir='ltr'><strong><em>plurimun</em></strong></span> 
     </span>
     <span class='ocr_line' id='line_1_22' title="bbox 135 2260 1771 2338; baseline -0.001 -18"><span class='ocrx_word' id='word_1_314' title='bbox 135 2263 311 2338; x_wconf 90' lang='lat' dir='ltr'><strong><em>propinquius</em></strong></span> <span class='ocrx_word' id='word_1_315' title='bbox 332 2270 374 2317; x_wconf 89' lang='lat' dir='ltr'><strong><em>est</em></strong></span> <span class='ocrx_word' id='word_1_316' title='bbox 398 2261 424 2317; x_wconf 91' lang='lat' dir='ltr'><strong><em>ei</em></strong></span> <span class='ocrx_word' id='word_1_317' title='bbox 445 2261 484 2318; x_wconf 91' lang='lat' dir='ltr'><strong><em>rei</em></strong></span> <span class='ocrx_word' id='word_1_318' title='bbox 504 2263 547 2318; x_wconf 89' lang='lat' dir='ltr'><strong><em>cui</em></strong></span> <span class='ocrx_word' id='word_1_319' title='bbox 560 2271 602 2318; x_wconf 86' lang='grc' dir='ltr'><strong><em>εει</em></strong></span> <span class='ocrx_word' id='word_1_320' title='bbox 624 2260 772 2320; x_wconf 83' lang='lat' dir='ltr'><strong><em>secundum</em></strong></span> <span class='ocrx_word' id='word_1_321' title='bbox 793 2271 928 2319; x_wconf 89' lang='lat' dir='ltr'><strong><em>naturam.</em></strong></span> <span class='ocrx_word' id='word_1_322' title='bbox 980 2268 1046 2323; x_wconf 82' lang='lat' dir='ltr'><strong><em>tnlsa</em></strong></span> <span class='ocrx_word' id='word_1_323' title='bbox 1060 2275 1111 2324; x_wconf 86' lang='grc' dir='ltr'><strong>εει.</strong></span> <span class='ocrx_word' id='word_1_324' title='bbox 1136 2266 1285 2322; x_wconf 76' lang='lat' dir='ltr'><strong><em>dstantem</em></strong></span> <span class='ocrx_word' id='word_1_325' title='bbox 1304 2273 1334 2319; x_wconf 89' lang='grc' dir='ltr'><strong><em>ει</em></strong></span> <span class='ocrx_word' id='word_1_326' title='bbox 1352 2263 1451 2319; x_wconf 88' lang='lat' dir='ltr'><strong><em>dictum</em></strong></span> <span class='ocrx_word' id='word_1_327' title='bbox 1466 2273 1507 2320; x_wconf 91' lang='lat' dir='ltr'><strong><em>est</em></strong></span> <span class='ocrx_word' id='word_1_328' title='bbox 1527 2263 1670 2334; x_wconf 79' lang='lat' dir='ltr'><strong><em>plurimum</em></strong></span> <span class='ocrx_word' id='word_1_329' title='bbox 1693 2261 1771 2330; x_wconf 84' lang='lat' dir='ltr'><strong><em>isira,</em></strong></span> 
     </span>
     <span class='ocr_line' id='line_1_23' title="bbox 135 2354 1774 2433; baseline -0.001 -21"><span class='ocrx_word' id='word_1_330' title='bbox 135 2357 265 2427; x_wconf 69' lang='lat' dir='ltr'><strong><em>Quocirca</em></strong></span> <span class='ocrx_word' id='word_1_331' title='bbox 278 2364 305 2410; x_wconf 94' lang='grc' dir='ltr'><strong><em>ει</em></strong></span> <span class='ocrx_word' id='word_1_332' title='bbox 320 2355 421 2413; x_wconf 82' lang='grc' dir='ltr'><strong>εεειιεε</strong></span> <span class='ocrx_word' id='word_1_333' title='bbox 432 2355 580 2412; x_wconf 88' lang='lat' dir='ltr'><strong><em>secuudum</em></strong></span> <span class='ocrx_word' id='word_1_334' title='bbox 593 2371 660 2425; x_wconf 90' lang='lat' dir='ltr'><strong><em>reru,</em></strong></span> <span class='ocrx_word' id='word_1_335' title='bbox 675 2355 737 2429; x_wconf 89' lang='lat' dir='ltr'><strong><em>quia</em></strong></span> <span class='ocrx_word' id='word_1_336' title='bbox 751 2354 791 2416; x_wconf 84' lang='lat' dir='ltr'><strong><em>rei</em></strong></span> <span class='ocrx_word' id='word_1_337' title='bbox 805 2355 930 2431; x_wconf 67' lang='lat' dir='ltr'><strong><em>proxima</em></strong></span> <span class='ocrx_word' id='word_1_338' title='bbox 980 2374 1041 2433; x_wconf 83' lang='lat' dir='ltr'><strong><em>quae</em></strong></span> <span class='ocrx_word' id='word_1_339' title='bbox 1055 2357 1202 2415; x_wconf 88' lang='lat' dir='ltr'><strong><em>secundum</em></strong></span> <span class='ocrx_word' id='word_1_340' title='bbox 1215 2370 1245 2412; x_wconf 90' lang='lat' dir='ltr'><strong><em>se</em></strong></span> <span class='ocrx_word' id='word_1_341' title='bbox 1259 2355 1324 2411; x_wconf 85' lang='lat' dir='ltr'><strong><em>ialsa</em></strong></span> <span class='ocrx_word' id='word_1_342' title='bbox 1340 2363 1391 2425; x_wconf 87' lang='grc' dir='ltr'><strong>εει,</strong></span> <span class='ocrx_word' id='word_1_343' title='bbox 1408 2355 1435 2411; x_wconf 93' lang='lat' dir='ltr'><strong><em>id</em></strong></span> <span class='ocrx_word' id='word_1_344' title='bbox 1450 2364 1492 2412; x_wconf 88' lang='grc' dir='ltr'><strong><em>εει</em></strong></span> <span class='ocrx_word' id='word_1_345' title='bbox 1503 2371 1564 2426; x_wconf 85' lang='lat' dir='ltr'><strong><em>quae</em></strong></span> <span class='ocrx_word' id='word_1_346' title='bbox 1578 2354 1649 2410; x_wconf 87' lang='lat' dir='ltr'><strong><em>itiam</em></strong></span> <span class='ocrx_word' id='word_1_347' title='bbox 1667 2355 1774 2424; x_wconf 88' lang='lat' dir='ltr'><strong><em>perimit</em></strong></span> 
     </span>
     <span class='ocr_line' id='line_1_24' title="bbox 83 2446 1774 2527; baseline 0 -26"><span class='ocrx_word' id='word_1_348' title='bbox 83 2493 89 2505; x_wconf 88' lang='lat'>.</span> <span class='ocrx_word' id='word_1_349' title='bbox 136 2455 189 2513; x_wconf 88' lang='lat' dir='ltr'><strong><em>est,</em></strong></span> <span class='ocrx_word' id='word_1_350' title='bbox 203 2448 291 2502; x_wconf 87' lang='lat' dir='ltr'><strong><em>terior</em></strong></span> <span class='ocrx_word' id='word_1_351' title='bbox 304 2453 346 2501; x_wconf 89' lang='lat' dir='ltr'><strong><em>est</em></strong></span> <span class='ocrx_word' id='word_1_352' title='bbox 360 2460 440 2516; x_wconf 87' lang='lat' dir='ltr'><strong><em>quam</em></strong></span> <span class='ocrx_word' id='word_1_353' title='bbox 461 2460 493 2501; x_wconf 90' lang='lat' dir='ltr'><strong><em>ea</em></strong></span> <span class='ocrx_word' id='word_1_354' title='bbox 508 2460 568 2516; x_wconf 68' lang='lat' dir='ltr'><strong><em>que</em></strong></span> <span class='ocrx_word' id='word_1_355' title='bbox 577 2446 725 2504; x_wconf 80' lang='lat' dir='ltr'><strong><em>secundum</em></strong></span> <span class='ocrx_word' id='word_1_356' title='bbox 737 2449 863 2507; x_wconf 86' lang='lat' dir='ltr'><strong><em>accidens</em></strong></span> <span class='ocrx_word' id='word_1_357' title='bbox 874 2455 927 2525; x_wconf 83' lang='grc' dir='ltr'><strong>εει,</strong></span> <span class='ocrx_word' id='word_1_358' title='bbox 978 2451 1193 2527; x_wconf 85' lang='lat' dir='ltr'><strong><em>propositionem</em></strong></span> <span class='ocrx_word' id='word_1_359' title='bbox 1203 2463 1264 2521; x_wconf 86' lang='lat' dir='ltr'><strong><em>quac</em></strong></span> <span class='ocrx_word' id='word_1_360' title='bbox 1276 2448 1540 2506; x_wconf 82' lang='lat' dir='ltr'><strong><em>secundamserera</em></strong></span> <span class='ocrx_word' id='word_1_361' title='bbox 1552 2454 1603 2513; x_wconf 89' lang='lat' dir='ltr'><strong><em>est,</em></strong></span> <span class='ocrx_word' id='word_1_362' title='bbox 1616 2446 1673 2501; x_wconf 83' lang='lat' dir='ltr'><strong><em>baec</em></strong></span> <span class='ocrx_word' id='word_1_363' title='bbox 1683 2455 1774 2506; x_wconf 80' lang='lat' dir='ltr'><strong><em>auten</em></strong></span> 
     </span>
     <span class='ocr_line' id='line_1_25' title="bbox 137 2534 1774 2617; baseline -0.004 -19"><span class='ocrx_word' id='word_1_364' title='bbox 137 2538 189 2599; x_wconf 86' lang='lat' dir='ltr'><strong><em>boc</em></strong></span> <span class='ocrx_word' id='word_1_365' title='bbox 202 2548 245 2595; x_wconf 90' lang='grc' dir='ltr'><strong><em>εει</em></strong></span> <span class='ocrx_word' id='word_1_366' title='bbox 263 2536 337 2594; x_wconf 90' lang='lat' dir='ltr'><strong><em>enim</em></strong></span> <span class='ocrx_word' id='word_1_367' title='bbox 348 2538 420 2607; x_wconf 87' lang='lat' dir='ltr'><strong><em>quod</em></strong></span> <span class='ocrx_word' id='word_1_368' title='bbox 440 2539 497 2594; x_wconf 84' lang='lat' dir='ltr'><strong><em>ait:</em></strong></span> <span class='ocrx_word' id='word_1_369' title='bbox 510 2536 593 2609; x_wconf 76' lang='lat' dir='ltr'><strong><em>bagis</em></strong></span> <span class='ocrx_word' id='word_1_370' title='bbox 610 2548 698 2596; x_wconf 85' lang='lat' dir='ltr'><strong><em>autem</em></strong></span> <span class='ocrx_word' id='word_1_371' title='bbox 719 2542 746 2597; x_wconf 90' lang='lat' dir='ltr'><strong><em>in</em></strong></span> <span class='ocrx_word' id='word_1_372' title='bbox 764 2557 928 2617; x_wconf 88' lang='lat' dir='ltr'><strong><em>unoquoquo</em></strong></span> <span class='ocrx_word' id='word_1_373' title='bbox 981 2548 1090 2617; x_wconf 85' lang='lat' dir='ltr'><strong><em>negatio</em></strong></span> <span class='ocrx_word' id='word_1_374' title='bbox 1104 2549 1163 2609; x_wconf 78' lang='lat' dir='ltr'><strong><em>est:</em></strong></span> <span class='ocrx_word' id='word_1_375' title='bbox 1177 2545 1285 2616; x_wconf 84' lang='lat' dir='ltr'><strong><em>negatio</em></strong></span> <span class='ocrx_word' id='word_1_376' title='bbox 1299 2540 1380 2616; x_wconf 87' lang='lat' dir='ltr'><strong><em>igitur</em></strong></span> <span class='ocrx_word' id='word_1_377' title='bbox 1390 2539 1527 2600; x_wconf 59' lang='lat' dir='ltr'><strong><em>⁴curttruris</em></strong></span> <span class='ocrx_word' id='word_1_378' title='bbox 1542 2547 1584 2596; x_wconf 81' lang='grc' dir='ltr'><strong><em>εει</em></strong></span> <span class='ocrx_word' id='word_1_379' title='bbox 1598 2534 1774 2614; x_wconf 81' lang='lat' dir='ltr'><strong><em>atttrmationt</em></strong></span> 
     </span>
     <span class='ocr_line' id='line_1_26' title="bbox 136 2628 1773 2710; baseline -0.002 -21"><span class='ocrx_word' id='word_1_380' title='bbox 136 2641 177 2689; x_wconf 88' lang='lat' dir='ltr'><strong><em>cst</em></strong></span> <span class='ocrx_word' id='word_1_381' title='bbox 195 2645 259 2686; x_wconf 87' lang='lat' dir='ltr'><strong><em>rera</em></strong></span> <span class='ocrx_word' id='word_1_382' title='bbox 274 2645 334 2703; x_wconf 82' lang='lat' dir='ltr'><strong><em>quae</em></strong></span> <span class='ocrx_word' id='word_1_383' title='bbox 348 2628 494 2687; x_wconf 88' lang='lat' dir='ltr'><strong><em>secandum</em></strong></span> <span class='ocrx_word' id='word_1_384' title='bbox 511 2645 541 2688; x_wconf 89' lang='lat' dir='ltr'><strong><em>se</em></strong></span> <span class='ocrx_word' id='word_1_385' title='bbox 557 2641 613 2699; x_wconf 72' lang='grc' dir='ltr'><strong>εει,</strong></span> <span class='ocrx_word' id='word_1_386' title='bbox 628 2632 734 2704; x_wconf 91' lang='lat' dir='ltr'><strong><em>quodsi</em></strong></span> <span class='ocrx_word' id='word_1_387' title='bbox 747 2633 802 2690; x_wconf 90' lang='lat' dir='ltr'><strong><em>boc</em></strong></span> <span class='ocrx_word' id='word_1_388' title='bbox 814 2636 851 2694; x_wconf 88' lang='lat' dir='ltr'><strong><em>ita</em></strong></span> <span class='ocrx_word' id='word_1_389' title='bbox 865 2644 925 2708; x_wconf 85' lang='lat' dir='ltr'><strong><em>est,</em></strong></span> <span class='ocrx_word' id='word_1_390' title='bbox 980 2638 1070 2710; x_wconf 90' lang='lat' dir='ltr'><strong><em>potius</em></strong></span> <span class='ocrx_word' id='word_1_391' title='bbox 1095 2652 1175 2707; x_wconf 89' lang='lat' dir='ltr'><strong><em>quam</em></strong></span> <span class='ocrx_word' id='word_1_392' title='bbox 1196 2653 1227 2693; x_wconf 87' lang='grc' dir='ltr'><strong><em>εε</em></strong></span> <span class='ocrx_word' id='word_1_393' title='bbox 1250 2636 1393 2692; x_wconf 88' lang='lat' dir='ltr'><strong><em>attirmatio</em></strong></span> <span class='ocrx_word' id='word_1_394' title='bbox 1417 2652 1476 2708; x_wconf 77' lang='lat' dir='ltr'><strong><em>qum</em></strong></span> <span class='ocrx_word' id='word_1_395' title='bbox 1496 2639 1662 2693; x_wconf 81' lang='lat' dir='ltr'><strong><em>contrarium</em></strong></span> <span class='ocrx_word' id='word_1_396' title='bbox 1687 2628 1773 2705; x_wconf 84' lang='lat' dir='ltr'><strong><em>ponit.</em></strong></span> 
     </span>
     <span class='ocr_line' id='line_1_27' title="bbox 139 2712 1777 2801; baseline 0.001 -22"><span class='ocrx_word' id='word_1_397' title='bbox 139 2722 219 2779; x_wconf 90' lang='lat' dir='ltr'><strong><em>etiam</em></strong></span> <span class='ocrx_word' id='word_1_398' title='bbox 233 2721 551 2791; x_wconf 59' lang='lat' dir='ltr'><strong><em>tornodorensium</em></strong></span> <span class='ocrx_word' id='word_1_399' title='bbox 565 2722 669 2781; x_wconf 79' lang='lat' dir='ltr'><strong><em>falsitas</em></strong></span> <span class='ocrx_word' id='word_1_400' title='bbox 680 2735 721 2782; x_wconf 88' lang='grc' dir='ltr'><strong><em>εει</em></strong></span> <span class='ocrx_word' id='word_1_401' title='bbox 735 2728 820 2800; x_wconf 87' lang='lat' dir='ltr'><strong><em>magis</em></strong></span> <span class='ocrx_word' id='word_1_402' title='bbox 835 2729 929 2801; x_wconf 77' lang='lat' dir='ltr'><strong><em>falsior¹</em></strong></span> <span class='ocrx_word' id='word_1_403' title='bbox 980 2712 1053 2784; x_wconf 75' lang='lat' dir='ltr'><strong><em>Totis</em></strong></span> <span class='ocrx_word' id='word_1_404' title='bbox 1073 2727 1153 2800; x_wconf 89' lang='lat' dir='ltr'><strong><em>igitur</em></strong></span> <span class='ocrx_word' id='word_1_405' title='bbox 1165 2742 1260 2784; x_wconf 86' lang='lat' dir='ltr'><strong><em>sensus</em></strong></span> <span class='ocrx_word' id='word_1_406' title='bbox 1273 2727 1316 2782; x_wconf 87' lang='lat' dir='ltr'><strong><em>itis</em></strong></span> <span class='ocrx_word' id='word_1_407' title='bbox 1334 2727 1423 2784; x_wconf 79' lang='lat' dir='ltr'><strong><em>vorbis</em></strong></span> <span class='ocrx_word' id='word_1_408' title='bbox 1438 2728 1583 2783; x_wconf 79' lang='lat' dir='ltr'><strong><em>includitur</em></strong></span> <span class='ocrx_word' id='word_1_409' title='bbox 1596 2745 1603 2781; x_wconf 91' lang='lat'><strong>:</strong></span> <span class='ocrx_word' id='word_1_410' title='bbox 1617 2725 1711 2782; x_wconf 77' lang='lat' dir='ltr'><strong><em>tatros</em></strong></span> <span class='ocrx_word' id='word_1_411' title='bbox 1733 2729 1777 2783; x_wconf 89' lang='grc' dir='ltr'><strong><em>εει</em></strong></span> 
     </span>
     <span class='ocr_line' id='line_1_28' title="bbox 138 2812 1776 2892; baseline 0.004 -25"><span class='ocrx_word' id='word_1_412' title='bbox 138 2826 199 2885; x_wconf 77' lang='lat' dir='ltr'><strong><em>quoe</em></strong></span> <span class='ocrx_word' id='word_1_413' title='bbox 222 2812 297 2878; x_wconf 84' lang='lat' dir='ltr'><strong><em>ittam</em></strong></span> <span class='ocrx_word' id='word_1_414' title='bbox 331 2813 439 2885; x_wconf 80' lang='lat' dir='ltr'><strong><em>perimit</em></strong></span> <span class='ocrx_word' id='word_1_415' title='bbox 471 2813 627 2885; x_wconf 89' lang='lat' dir='ltr'><strong><em>opinionem</em></strong></span> <span class='ocrx_word' id='word_1_416' title='bbox 651 2817 694 2873; x_wconf 85' lang='lat' dir='ltr'><strong><em>vei</em></strong></span> <span class='ocrx_word' id='word_1_417' title='bbox 716 2820 928 2888; x_wconf 82' lang='lat' dir='ltr'><strong><em>propositionem</em></strong></span> <span class='ocrx_word' id='word_1_418' title='bbox 980 2829 1070 2878; x_wconf 87' lang='lat' dir='ltr'><strong><em>autctu</em></strong></span> <span class='ocrx_word' id='word_1_419' title='bbox 1085 2821 1180 2892; x_wconf 86' lang='lat' dir='ltr'><strong><em>magis,</em></strong></span> <span class='ocrx_word' id='word_1_420' title='bbox 1197 2820 1294 2890; x_wconf 90' lang='lat' dir='ltr'><strong><em>inquit,</em></strong></span> <span class='ocrx_word' id='word_1_421' title='bbox 1308 2821 1379 2875; x_wconf 89' lang='lat' dir='ltr'><strong><em>circa</em></strong></span> <span class='ocrx_word' id='word_1_422' title='bbox 1393 2820 1498 2891; x_wconf 83' lang='lat' dir='ltr'><strong><em>singula</em></strong></span> <span class='ocrx_word' id='word_1_423' title='bbox 1514 2821 1559 2888; x_wconf 88' lang='lat' dir='ltr'><strong><em>qui</em></strong></span> <span class='ocrx_word' id='word_1_424' title='bbox 1576 2819 1656 2872; x_wconf 81' lang='lat' dir='ltr'><strong><em>tiabat</em></strong></span> <span class='ocrx_word' id='word_1_425' title='bbox 1669 2825 1776 2873; x_wconf 87' lang='lat' dir='ltr'><strong><em>contra·</em></strong></span> 
     </span>
     <span class='ocr_line' id='line_1_29' title="bbox 137 2906 1777 2984; baseline -0.002 -20"><span class='ocrx_word' id='word_1_426' title='bbox 137 2912 197 2980; x_wconf 78' lang='lat' dir='ltr'><strong><em>quae</em></strong></span> <span class='ocrx_word' id='word_1_427' title='bbox 209 2906 355 2966; x_wconf 86' lang='lat' dir='ltr'><strong><em>secuudum</em></strong></span> <span class='ocrx_word' id='word_1_428' title='bbox 369 2921 401 2970; x_wconf 88' lang='lat' dir='ltr'><strong><em>ee</em></strong></span> <span class='ocrx_word' id='word_1_429' title='bbox 415 2922 481 2966; x_wconf 86' lang='lat' dir='ltr'><strong><em>uera</em></strong></span> <span class='ocrx_word' id='word_1_430' title='bbox 497 2917 558 2978; x_wconf 86' lang='grc' dir='ltr'><strong>εει,</strong></span> <span class='ocrx_word' id='word_1_431' title='bbox 574 2910 707 2982; x_wconf 83' lang='lat' dir='ltr'><strong><em>siquidem</em></strong></span> <span class='ocrx_word' id='word_1_432' title='bbox 721 2913 765 2969; x_wconf 88' lang='lat' dir='ltr'><strong><em>iiia</em></strong></span> <span class='ocrx_word' id='word_1_433' title='bbox 780 2916 928 2975; x_wconf 87' lang='lat' dir='ltr'><strong><em>secundum</em></strong></span> <span class='ocrx_word' id='word_1_434' title='bbox 979 2914 1049 2983; x_wconf 83' lang='lat' dir='ltr'><strong><em>riam</em></strong></span> <span class='ocrx_word' id='word_1_435' title='bbox 1061 2913 1228 2984; x_wconf 84' lang='lat' dir='ltr'><strong><em>opinionem.</em></strong></span> <span class='ocrx_word' id='word_1_436' title='bbox 1244 2913 1402 2981; x_wconf 83' lang='lat' dir='ltr'><strong><em>Quanquam</em></strong></span> <span class='ocrx_word' id='word_1_437' title='bbox 1415 2911 1487 2965; x_wconf 89' lang='lat' dir='ltr'><strong><em>enim</em></strong></span> <span class='ocrx_word' id='word_1_438' title='bbox 1501 2911 1584 2980; x_wconf 83' lang='lat' dir='ltr'><strong><em>possit</em></strong></span> <span class='ocrx_word' id='word_1_439' title='bbox 1594 2923 1653 2962; x_wconf 88' lang='lat' dir='ltr'><strong><em>esse</em></strong></span> <span class='ocrx_word' id='word_1_440' title='bbox 1663 2908 1777 2976; x_wconf 80' lang='lat' dir='ltr'><strong><em>quitibet</em></strong></span> 
     </span>
     <span class='ocr_line' id='line_1_30' title="bbox 138 2999 1777 3074; baseline -0.002 -16"><span class='ocrx_word' id='word_1_441' title='bbox 138 3017 168 3058; x_wconf 92' lang='lat' dir='ltr'><strong><em>se</em></strong></span> <span class='ocrx_word' id='word_1_442' title='bbox 178 3017 243 3060; x_wconf 81' lang='lat' dir='ltr'><strong><em>uera</em></strong></span> <span class='ocrx_word' id='word_1_443' title='bbox 257 3001 347 3059; x_wconf 86' lang='lat' dir='ltr'><strong><em>terior</em></strong></span> <span class='ocrx_word' id='word_1_444' title='bbox 360 3012 400 3059; x_wconf 91' lang='lat' dir='ltr'><strong><em>est</em></strong></span> <span class='ocrx_word' id='word_1_445' title='bbox 417 3016 499 3073; x_wconf 88' lang='lat' dir='ltr'><strong><em>quam</em></strong></span> <span class='ocrx_word' id='word_1_446' title='bbox 509 3017 570 3074; x_wconf 75' lang='lat' dir='ltr'><strong><em>quta</em></strong></span> <span class='ocrx_word' id='word_1_447' title='bbox 582 3005 730 3061; x_wconf 87' lang='lat' dir='ltr'><strong><em>secundum</em></strong></span> <span class='ocrx_word' id='word_1_448' title='bbox 743 3007 869 3065; x_wconf 88' lang='lat' dir='ltr'><strong><em>accidens</em></strong></span> <span class='ocrx_word' id='word_1_449' title='bbox 887 3010 928 3069; x_wconf 91' lang='lat' dir='ltr'><strong><em>rei</em></strong></span> <span class='ocrx_word' id='word_1_450' title='bbox 981 3006 1074 3073; x_wconf 88' lang='lat' dir='ltr'><strong><em>ialsue,</em></strong></span> <span class='ocrx_word' id='word_1_451' title='bbox 1103 3007 1208 3063; x_wconf 88' lang='lat' dir='ltr'><strong><em>etiamsi</em></strong></span> <span class='ocrx_word' id='word_1_452' title='bbox 1219 3006 1252 3062; x_wconf 94' lang='lat' dir='ltr'><strong><em>de</em></strong></span> <span class='ocrx_word' id='word_1_453' title='bbox 1265 3006 1362 3062; x_wconf 88' lang='lat' dir='ltr'><strong><em>cadem</em></strong></span> <span class='ocrx_word' id='word_1_454' title='bbox 1378 3019 1408 3060; x_wconf 92' lang='lat' dir='ltr'><strong><em>re</em></strong></span> <span class='ocrx_word' id='word_1_455' title='bbox 1419 3002 1581 3059; x_wconf 86' lang='lat' dir='ltr'><strong><em>contrariam</em></strong></span> <span class='ocrx_word' id='word_1_456' title='bbox 1596 3015 1649 3056; x_wconf 92' lang='lat' dir='ltr'><strong><em>non</em></strong></span> <span class='ocrx_word' id='word_1_457' title='bbox 1661 2999 1777 3059; x_wconf 84' lang='lat' dir='ltr'><strong><em>babeant</em></strong></span> 
     </span>
     <span class='ocr_line' id='line_1_31' title="bbox 139 3092 1777 3173; baseline -0.001 -25"><span class='ocrx_word' id='word_1_458' title='bbox 139 3109 202 3152; x_wconf 82' lang='lat' dir='ltr'><strong><em>uera</em></strong></span> <span class='ocrx_word' id='word_1_459' title='bbox 213 3104 264 3164; x_wconf 88' lang='lat' dir='ltr'><strong><em>est,</em></strong></span> <span class='ocrx_word' id='word_1_460' title='bbox 279 3094 329 3150; x_wconf 92' lang='lat' dir='ltr'><strong><em>boc</em></strong></span> <span class='ocrx_word' id='word_1_461' title='bbox 340 3102 382 3151; x_wconf 90' lang='grc' dir='ltr'><strong><em>εει</em></strong></span> <span class='ocrx_word' id='word_1_462' title='bbox 392 3095 462 3173; x_wconf 85' lang='lat' dir='ltr'><strong><em>euim</em></strong></span> <span class='ocrx_word' id='word_1_463' title='bbox 483 3095 641 3164; x_wconf 83' lang='lat' dir='ltr'><strong><em>quoddicit,</em></strong></span> <span class='ocrx_word' id='word_1_464' title='bbox 664 3098 796 3169; x_wconf 85' lang='lat' dir='ltr'><strong><em>siquidem</em></strong></span> <span class='ocrx_word' id='word_1_465' title='bbox 813 3110 840 3157; x_wconf 90' lang='grc' dir='ltr'><strong><em>ει</em></strong></span> <span class='ocrx_word' id='word_1_466' title='bbox 851 3116 925 3172; x_wconf 82' lang='lat' dir='ltr'><strong><em>uera.</em></strong></span> <span class='ocrx_word' id='word_1_467' title='bbox 984 3102 1156 3172; x_wconf 81' lang='lat' dir='ltr'><strong><em>opinionem,</em></strong></span> <span class='ocrx_word' id='word_1_468' title='bbox 1171 3099 1218 3155; x_wconf 88' lang='lat' dir='ltr'><strong><em>iiie</em></strong></span> <span class='ocrx_word' id='word_1_469' title='bbox 1230 3108 1321 3154; x_wconf 87' lang='lat' dir='ltr'><strong><em>tamen</em></strong></span> <span class='ocrx_word' id='word_1_470' title='bbox 1336 3097 1423 3166; x_wconf 89' lang='lat' dir='ltr'><strong><em>magis</em></strong></span> <span class='ocrx_word' id='word_1_471' title='bbox 1433 3096 1533 3151; x_wconf 83' lang='lat' dir='ltr'><strong><em>totlitur</em></strong></span> <span class='ocrx_word' id='word_1_472' title='bbox 1551 3094 1596 3165; x_wconf 91' lang='lat' dir='ltr'><strong><em>qui</em></strong></span> <span class='ocrx_word' id='word_1_473' title='bbox 1610 3092 1777 3152; x_wconf 77' lang='lat' dir='ltr'><strong><em>contrarium</em></strong></span> 
     </span>
     <span class='ocr_line' id='line_1_32' title="bbox 140 3185 1776 3267; baseline -0.002 -25"><span class='ocrx_word' id='word_1_474' title='bbox 140 3186 197 3242; x_wconf 80' lang='lat' dir='ltr'><strong><em>ttoe</em></strong></span> <span class='ocrx_word' id='word_1_475' title='bbox 207 3185 289 3258; x_wconf 87' lang='lat' dir='ltr'><strong><em>igitur</em></strong></span> <span class='ocrx_word' id='word_1_476' title='bbox 300 3200 436 3258; x_wconf 82' lang='lat' dir='ltr'><strong><em>exponens</em></strong></span> <span class='ocrx_word' id='word_1_477' title='bbox 446 3187 570 3259; x_wconf 84' lang='lat' dir='ltr'><strong><em>exemplo</em></strong></span> <span class='ocrx_word' id='word_1_478' title='bbox 583 3188 735 3247; x_wconf 86' lang='lat' dir='ltr'><strong><em>contirrntt.</em></strong></span> <span class='ocrx_word' id='word_1_479' title='bbox 748 3192 858 3265; x_wconf 80' lang='lat' dir='ltr'><strong><em>Ergoea</em></strong></span> <span class='ocrx_word' id='word_1_480' title='bbox 869 3211 930 3265; x_wconf 78' lang='lat' dir='ltr'><strong><em>quae</em></strong></span> <span class='ocrx_word' id='word_1_481' title='bbox 944 3195 969 3263; x_wconf 79' lang='lat' dir='ltr'>G</span> <span class='ocrx_word' id='word_1_482' title='bbox 983 3194 1083 3267; x_wconf 83' lang='lat' dir='ltr'><strong><em>aliquid</em></strong></span> <span class='ocrx_word' id='word_1_483' title='bbox 1096 3194 1230 3265; x_wconf 88' lang='lat' dir='ltr'><strong><em>opinatur.</em></strong></span> <span class='ocrx_word' id='word_1_484' title='bbox 1247 3191 1303 3246; x_wconf 81' lang='lat' dir='ltr'><strong><em>Hoc</em></strong></span> <span class='ocrx_word' id='word_1_485' title='bbox 1317 3200 1406 3247; x_wconf 90' lang='lat' dir='ltr'><strong><em>autem</em></strong></span> <span class='ocrx_word' id='word_1_486' title='bbox 1421 3205 1470 3245; x_wconf 91' lang='lat' dir='ltr'><strong><em>cur</em></strong></span> <span class='ocrx_word' id='word_1_487' title='bbox 1483 3190 1589 3246; x_wconf 85' lang='lat' dir='ltr'><strong><em>eveniat</em></strong></span> <span class='ocrx_word' id='word_1_488' title='bbox 1602 3187 1667 3242; x_wconf 87' lang='lat' dir='ltr'><strong><em>dicit</em></strong></span> <span class='ocrx_word' id='word_1_489' title='bbox 1682 3200 1689 3243; x_wconf 92' lang='lat'><strong>:</strong></span> <span class='ocrx_word' id='word_1_490' title='bbox 1705 3185 1776 3240; x_wconf 81' lang='lat' dir='ltr'><strong><em>Gon·</em></strong></span> 
     </span>
     <span class='ocr_line' id='line_1_33' title="bbox 138 3274 1776 3361; baseline -0.004 -23"><span class='ocrx_word' id='word_1_491' title='bbox 138 3291 190 3349; x_wconf 87' lang='grc' dir='ltr'><strong>εει,</strong></span> <span class='ocrx_word' id='word_1_492' title='bbox 208 3281 333 3352; x_wconf 86' lang='lat' dir='ltr'><strong><em>quoniam</em></strong></span> <span class='ocrx_word' id='word_1_493' title='bbox 355 3295 409 3338; x_wconf 91' lang='lat' dir='ltr'><strong><em>nou</em></strong></span> <span class='ocrx_word' id='word_1_494' title='bbox 423 3290 465 3339; x_wconf 81' lang='lat' dir='ltr'><strong><em>est</em></strong></span> <span class='ocrx_word' id='word_1_495' title='bbox 479 3282 580 3345; x_wconf 86' lang='lat' dir='ltr'><strong><em>bouum</em></strong></span> <span class='ocrx_word' id='word_1_496' title='bbox 602 3281 674 3354; x_wconf 89' lang='lat' dir='ltr'><strong><em>quod</em></strong></span> <span class='ocrx_word' id='word_1_497' title='bbox 688 3282 788 3340; x_wconf 86' lang='lat' dir='ltr'><strong><em>bonum</em></strong></span> <span class='ocrx_word' id='word_1_498' title='bbox 802 3297 854 3353; x_wconf 87' lang='grc' dir='ltr'><strong>εει,</strong></span> <span class='ocrx_word' id='word_1_499' title='bbox 870 3287 929 3361; x_wconf 81' lang='lat' dir='ltr'><strong><em>equ</em></strong></span> <span class='ocrx_word' id='word_1_500' title='bbox 982 3287 1064 3343; x_wconf 88' lang='lat' dir='ltr'><strong><em>traria</em></strong></span> <span class='ocrx_word' id='word_1_501' title='bbox 1084 3287 1157 3341; x_wconf 90' lang='lat' dir='ltr'><strong><em>enirn</em></strong></span> <span class='ocrx_word' id='word_1_502' title='bbox 1178 3298 1272 3341; x_wconf 87' lang='lat' dir='ltr'><strong><em>eorum</em></strong></span> <span class='ocrx_word' id='word_1_503' title='bbox 1292 3290 1356 3338; x_wconf 83' lang='lat' dir='ltr'><strong><em>sunt</em></strong></span> <span class='ocrx_word' id='word_1_504' title='bbox 1375 3294 1436 3352; x_wconf 81' lang='lat' dir='ltr'><strong><em>quae</em></strong></span> <span class='ocrx_word' id='word_1_505' title='bbox 1455 3280 1598 3351; x_wconf 87' lang='lat' dir='ltr'><strong><em>piurimum</em></strong></span> <span class='ocrx_word' id='word_1_506' title='bbox 1614 3279 1684 3333; x_wconf 87' lang='lat' dir='ltr'><strong><em>cirea</em></strong></span> <span class='ocrx_word' id='word_1_507' title='bbox 1705 3274 1776 3336; x_wconf 74' lang='lat' dir='ltr'><strong><em>iden</em></strong></span> 
     </span>
     <span class='ocr_line' id='line_1_34' title="bbox 139 3371 1776 3453; baseline -0.013 -7"><span class='ocrx_word' id='word_1_508' title='bbox 139 3374 354 3446; x_wconf 66' lang='lat' dir='ltr'><strong><em>d¹¹ffl⁸⁸⁰¹¹¹¹d¹¹¹¹¹</em></strong></span> <span class='ocrx_word' id='word_1_509' title='bbox 369 3389 400 3431; x_wconf 67' lang='grc' dir='ltr'><strong><em>ὅθ</em></strong></span> <span class='ocrx_word' id='word_1_510' title='bbox 412 3383 455 3433; x_wconf 67' lang='lat'><strong><em>0⁸²</em></strong></span> <span class='ocrx_word' id='word_1_511' title='bbox 472 3375 538 3431; x_wconf 64' lang='lat'>‘²¹⁵²</span> <span class='ocrx_word' id='word_1_512' title='bbox 558 3384 613 3439; x_wconf 71' lang='lat'><strong><em>0⁸2.</em></strong></span> <span class='ocrx_word' id='word_1_513' title='bbox 626 3373 677 3431; x_wconf 88' lang='lat' dir='ltr'><strong><em>boc</em></strong></span> <span class='ocrx_word' id='word_1_514' title='bbox 694 3387 735 3432; x_wconf 82' lang='grc' dir='ltr'><strong><em>εει</em></strong></span> <span class='ocrx_word' id='word_1_515' title='bbox 748 3377 792 3433; x_wconf 89' lang='lat' dir='ltr'><strong><em>iiia</em></strong></span> <span class='ocrx_word' id='word_1_516' title='bbox 806 3394 867 3450; x_wconf 70' lang='lat' dir='ltr'><strong><em>quse</em></strong></span> <span class='ocrx_word' id='word_1_517' title='bbox 882 3395 932 3453; x_wconf 86' lang='lat' dir='ltr'><strong><em>op-</em></strong></span> <span class='ocrx_word' id='word_1_518' title='bbox 983 3377 1119 3434; x_wconf 72' lang='lat' dir='ltr'><strong><em>differunt·</em></strong></span> <span class='ocrx_word' id='word_1_519' title='bbox 1136 3376 1238 3434; x_wconf 86' lang='lat' dir='ltr'><strong><em>idcirco</em></strong></span> <span class='ocrx_word' id='word_1_520' title='bbox 1251 3374 1323 3432; x_wconf 86' lang='lat' dir='ltr'><strong><em>enirn</em></strong></span> <span class='ocrx_word' id='word_1_521' title='bbox 1334 3374 1454 3429; x_wconf 87' lang='lat' dir='ltr'><strong><em>marimo</em></strong></span> <span class='ocrx_word' id='word_1_522' title='bbox 1468 3371 1532 3428; x_wconf 76' lang='lat' dir='ltr'><strong><em>tates</em></strong></span> <span class='ocrx_word' id='word_1_523' title='bbox 1547 3371 1679 3426; x_wconf 87' lang='lat' dir='ltr'><strong><em>contraria</em></strong></span> <span class='ocrx_word' id='word_1_524' title='bbox 1692 3379 1776 3439; x_wconf 87' lang='lat' dir='ltr'><strong><em>oppu·</em></strong></span> 
     </span>
     <span class='ocr_line' id='line_1_35' title="bbox 140 3457 1776 3540; baseline -0.004 -20"><span class='ocrx_word' id='word_1_525' title='bbox 140 3466 245 3537; x_wconf 90' lang='lat' dir='ltr'><strong><em>ponitur</em></strong></span> <span class='ocrx_word' id='word_1_526' title='bbox 256 3467 293 3521; x_wconf 89' lang='lat' dir='ltr'><strong><em>iiii</em></strong></span> <span class='ocrx_word' id='word_1_527' title='bbox 307 3466 428 3537; x_wconf 90' lang='lat' dir='ltr'><strong><em>opinioni</em></strong></span> <span class='ocrx_word' id='word_1_528' title='bbox 443 3480 504 3536; x_wconf 80' lang='lat' dir='ltr'><strong><em>quse</em></strong></span> <span class='ocrx_word' id='word_1_529' title='bbox 516 3465 664 3523; x_wconf 86' lang='lat' dir='ltr'><strong><em>secundum</em></strong></span> <span class='ocrx_word' id='word_1_530' title='bbox 680 3482 711 3524; x_wconf 90' lang='lat' dir='ltr'><strong><em>se</em></strong></span> <span class='ocrx_word' id='word_1_531' title='bbox 724 3485 788 3527; x_wconf 82' lang='lat' dir='ltr'><strong><em>tera</em></strong></span> <span class='ocrx_word' id='word_1_532' title='bbox 801 3470 861 3540; x_wconf 88' lang='lat' dir='ltr'><strong><em>init,</em></strong></span> <span class='ocrx_word' id='word_1_533' title='bbox 878 3473 930 3534; x_wconf 82' lang='lat' dir='ltr'><strong><em>boc</em></strong></span> <span class='ocrx_word' id='word_1_534' title='bbox 984 3479 1093 3537; x_wconf 90' lang='lat' dir='ltr'><strong><em>nuntur,</em></strong></span> <span class='ocrx_word' id='word_1_535' title='bbox 1108 3470 1170 3540; x_wconf 89' lang='lat' dir='ltr'><strong><em>quia</em></strong></span> <span class='ocrx_word' id='word_1_536' title='bbox 1183 3467 1360 3525; x_wconf 71' lang='lat' dir='ltr'><strong><em>contrarietas</em></strong></span> <span class='ocrx_word' id='word_1_537' title='bbox 1374 3480 1427 3521; x_wconf 91' lang='lat' dir='ltr'><strong><em>non</em></strong></span> <span class='ocrx_word' id='word_1_538' title='bbox 1441 3464 1492 3520; x_wconf 89' lang='lat' dir='ltr'><strong><em>uisi</em></strong></span> <span class='ocrx_word' id='word_1_539' title='bbox 1514 3464 1541 3518; x_wconf 91' lang='lat' dir='ltr'><strong><em>in</em></strong></span> <span class='ocrx_word' id='word_1_540' title='bbox 1558 3462 1699 3533; x_wconf 83' lang='lat' dir='ltr'><strong><em>plurimum</em></strong></span> <span class='ocrx_word' id='word_1_541' title='bbox 1719 3457 1776 3514; x_wconf 83' lang='lat' dir='ltr'><strong><em>dis·</em></strong></span> 
     </span>
     <span class='ocr_line' id='line_1_36' title="bbox 140 3550 1776 3635; baseline -0.004 -22"><span class='ocrx_word' id='word_1_542' title='bbox 140 3558 212 3613; x_wconf 85' lang='lat' dir='ltr'><strong><em>enim</em></strong></span> <span class='ocrx_word' id='word_1_543' title='bbox 228 3559 284 3612; x_wconf 80' lang='lat' dir='ltr'><strong><em>baec</em></strong></span> <span class='ocrx_word' id='word_1_544' title='bbox 299 3557 382 3615; x_wconf 83' lang='lat' dir='ltr'><strong><em>rerba</em></strong></span> <span class='ocrx_word' id='word_1_545' title='bbox 398 3557 595 3618; x_wconf 82' lang='lat' dir='ltr'><strong><em>demonstrant</em></strong></span> <span class='ocrx_word' id='word_1_546' title='bbox 619 3572 682 3614; x_wconf 85' lang='lat' dir='ltr'><strong><em>cunr</em></strong></span> <span class='ocrx_word' id='word_1_547' title='bbox 702 3559 789 3617; x_wconf 79' lang='lat' dir='ltr'><strong><em>dixit:</em></strong></span> <span class='ocrx_word' id='word_1_548' title='bbox 812 3563 884 3635; x_wconf 82' lang='lat' dir='ltr'><strong><em>Ergo</em></strong></span> <span class='ocrx_word' id='word_1_549' title='bbox 897 3581 929 3623; x_wconf 82' lang='lat' dir='ltr'><strong><em>ea</em></strong></span> <span class='ocrx_word' id='word_1_550' title='bbox 984 3561 1153 3630; x_wconf 85' lang='lat' dir='ltr'><strong><em>crepantibus</em></strong></span> <span class='ocrx_word' id='word_1_551' title='bbox 1168 3560 1311 3614; x_wconf 77' lang='lat' dir='ltr'><strong><em>invenitur.</em></strong></span> <span class='ocrx_word' id='word_1_552' title='bbox 1331 3556 1407 3623; x_wconf 83' lang='lat' dir='ltr'><strong><em>Quod</em></strong></span> <span class='ocrx_word' id='word_1_553' title='bbox 1428 3556 1451 3612; x_wconf 91' lang='lat' dir='ltr'><strong><em>si</em></strong></span> <span class='ocrx_word' id='word_1_554' title='bbox 1473 3554 1567 3610; x_wconf 88' lang='lat' dir='ltr'><strong><em>harum</em></strong></span> <span class='ocrx_word' id='word_1_555' title='bbox 1587 3550 1720 3607; x_wconf 73' lang='lat' dir='ltr'><strong><em>contraria</em></strong></span> <span class='ocrx_word' id='word_1_556' title='bbox 1735 3556 1776 3606; x_wconf 79' lang='lat' dir='ltr'><strong><em>ott</em></strong></span> 
     </span>
     <span class='ocr_line' id='line_1_37' title="bbox 140 3643 1774 3726; baseline -0.009 -13"><span class='ocrx_word' id='word_1_557' title='bbox 140 3663 199 3719; x_wconf 68' lang='lat'><strong><em>(1⁰2</em></strong></span> <span class='ocrx_word' id='word_1_558' title='bbox 213 3658 265 3717; x_wconf 88' lang='lat' dir='ltr'><strong><em>est,</em></strong></span> <span class='ocrx_word' id='word_1_559' title='bbox 282 3650 409 3720; x_wconf 71' lang='lat' dir='ltr'><strong><em>quoniam</em></strong></span> <span class='ocrx_word' id='word_1_560' title='bbox 430 3656 544 3711; x_wconf 78' lang='grc' dir='ltr'><strong>ειειεει</strong></span> <span class='ocrx_word' id='word_1_561' title='bbox 561 3647 662 3706; x_wconf 89' lang='lat' dir='ltr'><strong><em>bonurn</em></strong></span> <span class='ocrx_word' id='word_1_562' title='bbox 675 3651 747 3723; x_wconf 91' lang='lat' dir='ltr'><strong><em>quod</em></strong></span> <span class='ocrx_word' id='word_1_563' title='bbox 762 3654 862 3713; x_wconf 85' lang='lat' dir='ltr'><strong><em>bonurn</em></strong></span> <span class='ocrx_word' id='word_1_564' title='bbox 877 3667 928 3726; x_wconf 84' lang='lat' dir='ltr'><strong><em>ost,</em></strong></span> <span class='ocrx_word' id='word_1_565' title='bbox 984 3653 1080 3718; x_wconf 88' lang='lat' dir='ltr'><strong><em>attera,</em></strong></span> <span class='ocrx_word' id='word_1_566' title='bbox 1097 3653 1122 3707; x_wconf 91' lang='lat' dir='ltr'><strong><em>id</em></strong></span> <span class='ocrx_word' id='word_1_567' title='bbox 1135 3663 1177 3708; x_wconf 86' lang='grc' dir='ltr'><strong><em>εει</em></strong></span> <span class='ocrx_word' id='word_1_568' title='bbox 1191 3650 1262 3723; x_wconf 93' lang='lat' dir='ltr'><strong><em>quod</em></strong></span> <span class='ocrx_word' id='word_1_569' title='bbox 1281 3651 1303 3704; x_wconf 87' lang='lat' dir='ltr'><strong><em>si</em></strong></span> <span class='ocrx_word' id='word_1_570' title='bbox 1326 3651 1420 3705; x_wconf 86' lang='lat' dir='ltr'><strong><em>barum</em></strong></span> <span class='ocrx_word' id='word_1_571' title='bbox 1436 3648 1646 3719; x_wconf 85' lang='lat' dir='ltr'><strong><em>propositionum</em></strong></span> <span class='ocrx_word' id='word_1_572' title='bbox 1662 3643 1702 3698; x_wconf 84' lang='lat' dir='ltr'><strong><em>tei</em></strong></span> <span class='ocrx_word' id='word_1_573' title='bbox 1716 3649 1774 3712; x_wconf 89' lang='lat' dir='ltr'><strong><em>quat</em></strong></span> 
     </span>
     <span class='ocr_line' id='line_1_38' title="bbox 139 3738 1775 3824; baseline -0.004 -29"><span class='ocrx_word' id='word_1_574' title='bbox 139 3738 197 3812; x_wconf 82' lang='lat' dir='ltr'><strong><em>ejus</em></strong></span> <span class='ocrx_word' id='word_1_575' title='bbox 223 3756 284 3812; x_wconf 82' lang='lat' dir='ltr'><strong><em>quae</em></strong></span> <span class='ocrx_word' id='word_1_576' title='bbox 307 3742 456 3798; x_wconf 88' lang='lat' dir='ltr'><strong><em>secuudum</em></strong></span> <span class='ocrx_word' id='word_1_577' title='bbox 473 3757 503 3800; x_wconf 86' lang='lat' dir='ltr'><strong><em>sc</em></strong></span> <span class='ocrx_word' id='word_1_578' title='bbox 525 3751 577 3809; x_wconf 85' lang='lat' dir='ltr'><strong><em>est,</em></strong></span> <span class='ocrx_word' id='word_1_579' title='bbox 602 3742 668 3800; x_wconf 79' lang='grc' dir='ltr'><strong>ιειεε</strong></span> <span class='ocrx_word' id='word_1_580' title='bbox 693 3755 744 3813; x_wconf 90' lang='grc' dir='ltr'><strong>εει,</strong></span> <span class='ocrx_word' id='word_1_581' title='bbox 764 3747 790 3803; x_wconf 92' lang='lat' dir='ltr'><strong><em>id</em></strong></span> <span class='ocrx_word' id='word_1_582' title='bbox 809 3759 851 3807; x_wconf 90' lang='grc' dir='ltr'><strong><em>εει</em></strong></span> <span class='ocrx_word' id='word_1_583' title='bbox 871 3767 932 3824; x_wconf 82' lang='lat' dir='ltr'><strong><em>quae</em></strong></span> <span class='ocrx_word' id='word_1_584' title='bbox 984 3761 1033 3816; x_wconf 90' lang='lat' dir='ltr'><strong><em>per</em></strong></span> <span class='ocrx_word' id='word_1_585' title='bbox 1043 3759 1072 3800; x_wconf 88' lang='lat' dir='ltr'><strong><em>se</em></strong></span> <span class='ocrx_word' id='word_1_586' title='bbox 1088 3744 1153 3800; x_wconf 84' lang='lat' dir='ltr'><strong><em>iuisa</em></strong></span> <span class='ocrx_word' id='word_1_587' title='bbox 1165 3753 1217 3810; x_wconf 88' lang='grc' dir='ltr'><strong>εει,</strong></span> <span class='ocrx_word' id='word_1_588' title='bbox 1238 3743 1281 3798; x_wconf 85' lang='lat' dir='ltr'><strong><em>uei</em></strong></span> <span class='ocrx_word' id='word_1_589' title='bbox 1295 3758 1354 3813; x_wconf 85' lang='lat' dir='ltr'><strong><em>qnae</em></strong></span> <span class='ocrx_word' id='word_1_590' title='bbox 1368 3757 1415 3813; x_wconf 90' lang='lat' dir='ltr'><strong><em>per</em></strong></span> <span class='ocrx_word' id='word_1_591' title='bbox 1426 3742 1561 3806; x_wconf 86' lang='lat' dir='ltr'><strong><em>accidens,</em></strong></span> <span class='ocrx_word' id='word_1_592' title='bbox 1577 3753 1656 3793; x_wconf 88' lang='lat' dir='ltr'><strong><em>unam</em></strong></span> <span class='ocrx_word' id='word_1_593' title='bbox 1669 3743 1775 3791; x_wconf 88' lang='lat' dir='ltr'><strong><em>contra·</em></strong></span> 
     </span>
     <span class='ocr_line' id='line_1_39' title="bbox 139 3831 1777 3914; baseline -0.007 -24"><span class='ocrx_word' id='word_1_594' title='bbox 139 3834 225 3904; x_wconf 84' lang='lat' dir='ltr'><strong><em>iprum</em></strong></span> <span class='ocrx_word' id='word_1_595' title='bbox 240 3834 339 3889; x_wconf 88' lang='lat' dir='ltr'><strong><em>bonum</em></strong></span> <span class='ocrx_word' id='word_1_596' title='bbox 351 3843 431 3904; x_wconf 88' lang='lat' dir='ltr'><strong><em>negat</em></strong></span> <span class='ocrx_word' id='word_1_597' title='bbox 444 3834 544 3891; x_wconf 84' lang='lat' dir='ltr'><strong><em>bonurn</em></strong></span> <span class='ocrx_word' id='word_1_598' title='bbox 557 3849 628 3902; x_wconf 87' lang='lat' dir='ltr'><strong><em>esse,</em></strong></span> <span class='ocrx_word' id='word_1_599' title='bbox 644 3851 693 3908; x_wconf 91' lang='lat' dir='ltr'><strong><em>per</em></strong></span> <span class='ocrx_word' id='word_1_600' title='bbox 707 3852 737 3894; x_wconf 88' lang='grc' dir='ltr'><strong><em>εε</em></strong></span> <span class='ocrx_word' id='word_1_601' title='bbox 748 3853 817 3896; x_wconf 79' lang='lat' dir='ltr'><strong><em>uerte</em></strong></span> <span class='ocrx_word' id='word_1_602' title='bbox 832 3856 932 3914; x_wconf 90' lang='lat' dir='ltr'><strong><em>propo·</em></strong></span> <span class='ocrx_word' id='word_1_603' title='bbox 984 3840 1052 3893; x_wconf 86' lang='lat' dir='ltr'><strong><em>riom</em></strong></span> <span class='ocrx_word' id='word_1_604' title='bbox 1066 3850 1127 3892; x_wconf 83' lang='lat' dir='ltr'><strong><em>esse</em></strong></span> <span class='ocrx_word' id='word_1_605' title='bbox 1142 3849 1252 3892; x_wconf 82' lang='lat' dir='ltr'><strong><em>necesse</em></strong></span> <span class='ocrx_word' id='word_1_606' title='bbox 1266 3844 1319 3898; x_wconf 90' lang='grc' dir='ltr'><strong>εει,</strong></span> <span class='ocrx_word' id='word_1_607' title='bbox 1335 3832 1420 3902; x_wconf 80' lang='lat' dir='ltr'><strong><em>tnagis</em></strong></span> <span class='ocrx_word' id='word_1_608' title='bbox 1435 3846 1499 3886; x_wconf 86' lang='lat' dir='ltr'><strong><em>rcro</em></strong></span> <span class='ocrx_word' id='word_1_609' title='bbox 1513 3831 1646 3885; x_wconf 86' lang='lat' dir='ltr'><strong><em>contrariu</em></strong></span> <span class='ocrx_word' id='word_1_610' title='bbox 1667 3837 1777 3883; x_wconf 81' lang='lat' dir='ltr'><strong><em>contra·</em></strong></span> 
     </span>
     <span class='ocr_line' id='line_1_40' title="bbox 141 3919 1767 3995; baseline -0.004 -17"><span class='ocrx_word' id='word_1_611' title='bbox 141 3923 246 3978; x_wconf 86' lang='lat' dir='ltr'><strong><em>sitionis</em></strong></span> <span class='ocrx_word' id='word_1_612' title='bbox 260 3925 324 3978; x_wconf 86' lang='lat' dir='ltr'><strong><em>tatsa</em></strong></span> <span class='ocrx_word' id='word_1_613' title='bbox 343 3932 396 3990; x_wconf 85' lang='lat' dir='ltr'><strong><em>ert,</em></strong></span> <span class='ocrx_word' id='word_1_614' title='bbox 408 3923 435 3981; x_wconf 90' lang='lat' dir='ltr'><strong><em>id</em></strong></span> <span class='ocrx_word' id='word_1_615' title='bbox 449 3932 492 3980; x_wconf 88' lang='lat' dir='ltr'><strong><em>est</em></strong></span> <span class='ocrx_word' id='word_1_616' title='bbox 508 3927 640 3995; x_wconf 85' lang='lat' dir='ltr'><strong><em>opposita,</em></strong></span> <span class='ocrx_word' id='word_1_617' title='bbox 659 3926 760 3985; x_wconf 89' lang='lat' dir='ltr'><strong><em>iaisitas</em></strong></span> <span class='ocrx_word' id='word_1_618' title='bbox 773 3933 845 3987; x_wconf 86' lang='lat' dir='ltr'><strong><em>eninr</em></strong></span> <span class='ocrx_word' id='word_1_619' title='bbox 857 3934 931 3993; x_wconf 85' lang='lat' dir='ltr'><strong><em>teri·</em></strong></span> <span class='ocrx_word' id='word_1_620' title='bbox 982 3926 1130 3992; x_wconf 84' lang='lat' dir='ltr'><strong><em>dictionis,</em></strong></span> <span class='ocrx_word' id='word_1_621' title='bbox 1150 3926 1201 3981; x_wconf 88' lang='lat' dir='ltr'><strong><em>boc</em></strong></span> <span class='ocrx_word' id='word_1_622' title='bbox 1222 3933 1263 3978; x_wconf 87' lang='grc' dir='ltr'><strong><em>εει</em></strong></span> <span class='ocrx_word' id='word_1_623' title='bbox 1283 3924 1367 3991; x_wconf 87' lang='lat' dir='ltr'><strong><em>magis</em></strong></span> <span class='ocrx_word' id='word_1_624' title='bbox 1389 3930 1477 3974; x_wconf 89' lang='lat' dir='ltr'><strong><em>antem</em></strong></span> <span class='ocrx_word' id='word_1_625' title='bbox 1502 3919 1566 3973; x_wconf 84' lang='lat' dir='ltr'><strong><em>iatsa</em></strong></span> <span class='ocrx_word' id='word_1_626' title='bbox 1586 3920 1689 3988; x_wconf 87' lang='lat' dir='ltr'><strong><em>negatio</em></strong></span> <span class='ocrx_word' id='word_1_627' title='bbox 1702 3919 1767 3988; x_wconf 84' lang='lat' dir='ltr'><strong><em>(troc</em></strong></span> 
     </span>
    </p>
   </div>
   <div class='ocr_carea' id='block_1_3' title="bbox 117 4007 1777 4365">
    <p class='ocr_par' dir='ltr' id='par_1_3' title="bbox 117 4007 1777 4365">
     <span class='ocr_line' id='line_1_41' title="bbox 141 4007 1775 4093; baseline 0.002 -24"><span class='ocrx_word' id='word_1_628' title='bbox 141 4014 190 4069; x_wconf 87' lang='lat' dir='ltr'><strong><em>tati</em></strong></span> <span class='ocrx_word' id='word_1_629' title='bbox 205 4013 359 4084; x_wconf 89' lang='lat' dir='ltr'><strong><em>opponitur.</em></strong></span> <span class='ocrx_word' id='word_1_630' title='bbox 371 4012 418 4070; x_wconf 81' lang='lat' dir='ltr'><strong><em>itta</em></strong></span> <span class='ocrx_word' id='word_1_631' title='bbox 430 4028 494 4072; x_wconf 85' lang='lat' dir='ltr'><strong><em>uero</em></strong></span> <span class='ocrx_word' id='word_1_632' title='bbox 503 4030 562 4086; x_wconf 83' lang='lat' dir='ltr'><strong><em>quae</em></strong></span> <span class='ocrx_word' id='word_1_633' title='bbox 573 4026 616 4073; x_wconf 90' lang='lat' dir='ltr'><strong><em>est</em></strong></span> <span class='ocrx_word' id='word_1_634' title='bbox 628 4021 755 4091; x_wconf 87' lang='lat' dir='ltr'><strong><em>quoniam</em></strong></span> <span class='ocrx_word' id='word_1_635' title='bbox 767 4026 865 4080; x_wconf 84' lang='lat' dir='ltr'><strong><em>uratum</em></strong></span> <span class='ocrx_word' id='word_1_636' title='bbox 877 4037 930 4093; x_wconf 87' lang='lat' dir='ltr'><strong><em>est,</em></strong></span> <span class='ocrx_word' id='word_1_637' title='bbox 983 4018 1055 4074; x_wconf 88' lang='lat' dir='ltr'><strong><em>enirn</em></strong></span> <span class='ocrx_word' id='word_1_638' title='bbox 1069 4016 1141 4087; x_wconf 93' lang='lat' dir='ltr'><strong><em>quod</em></strong></span> <span class='ocrx_word' id='word_1_639' title='bbox 1154 4017 1202 4079; x_wconf 73' lang='lat' dir='ltr'><strong><em>ab,</em></strong></span> <span class='ocrx_word' id='word_1_640' title='bbox 1216 4014 1299 4083; x_wconf 82' lang='lat' dir='ltr'><strong><em>ttagts</em></strong></span> <span class='ocrx_word' id='word_1_641' title='bbox 1313 4027 1379 4067; x_wconf 71' lang='lat' dir='ltr'><strong><em>ter⁰</em></strong></span> <span class='ocrx_word' id='word_1_642' title='bbox 1394 4010 1529 4067; x_wconf 65' lang='lat' dir='ltr'><strong><em>00¹¹¹i⁸ti³</em></strong></span> <span class='ocrx_word' id='word_1_643' title='bbox 1545 4010 1613 4073; x_wconf 67' lang='lat' dir='ltr'><strong><em>haecr</em></strong></span> <span class='ocrx_word' id='word_1_644' title='bbox 1630 4009 1681 4060; x_wconf 73' lang='lat'><strong>¹¹⁰⁰</strong></span> <span class='ocrx_word' id='word_1_645' title='bbox 1693 4007 1775 4060; x_wconf 72' lang='lat'><strong>⁸⁰⁰⁸¹⁸</strong></span> 
     </span>
     <span class='ocr_line' id='line_1_42' title="bbox 139 4100 1775 4191; baseline -0.007 -26"><span class='ocrx_word' id='word_1_646' title='bbox 139 4108 197 4177; x_wconf 75' lang='lat' dir='ltr'><strong><em>eius</em></strong></span> <span class='ocrx_word' id='word_1_647' title='bbox 213 4120 274 4181; x_wconf 72' lang='lat' dir='ltr'><strong><em>quse</em></strong></span> <span class='ocrx_word' id='word_1_648' title='bbox 282 4115 324 4163; x_wconf 90' lang='lat' dir='ltr'><strong><em>est</em></strong></span> <span class='ocrx_word' id='word_1_649' title='bbox 337 4106 483 4191; x_wconf 78' lang='lat' dir='ltr'><strong><em>secundum</em></strong></span> <span class='ocrx_word' id='word_1_650' title='bbox 498 4107 633 4175; x_wconf 87' lang='lat' dir='ltr'><strong><em>accidens,</em></strong></span> <span class='ocrx_word' id='word_1_651' title='bbox 643 4110 694 4166; x_wconf 89' lang='lat' dir='ltr'><strong><em>boc</em></strong></span> <span class='ocrx_word' id='word_1_652' title='bbox 714 4121 766 4182; x_wconf 89' lang='grc' dir='ltr'><strong>εει,</strong></span> <span class='ocrx_word' id='word_1_653' title='bbox 780 4112 824 4169; x_wconf 87' lang='lat' dir='ltr'><strong><em>ilia</em></strong></span> <span class='ocrx_word' id='word_1_654' title='bbox 839 4116 930 4186; x_wconf 89' lang='lat' dir='ltr'><strong><em>opinio</em></strong></span> <span class='ocrx_word' id='word_1_655' title='bbox 984 4120 1108 4180; x_wconf 88' lang='lat' dir='ltr'><strong><em>tanquam</em></strong></span> <span class='ocrx_word' id='word_1_656' title='bbox 1122 4111 1145 4164; x_wconf 89' lang='lat' dir='ltr'><strong><em>si</em></strong></span> <span class='ocrx_word' id='word_1_657' title='bbox 1160 4107 1281 4170; x_wconf 82' lang='lat' dir='ltr'><strong><em>dixisset,</em></strong></span> <span class='ocrx_word' id='word_1_658' title='bbox 1298 4106 1383 4176; x_wconf 86' lang='lat' dir='ltr'><strong><em>magis</em></strong></span> <span class='ocrx_word' id='word_1_659' title='bbox 1398 4118 1463 4160; x_wconf 86' lang='lat' dir='ltr'><strong><em>uero</em></strong></span> <span class='ocrx_word' id='word_1_660' title='bbox 1475 4102 1541 4159; x_wconf 82' lang='lat' dir='ltr'><strong><em>inira</em></strong></span> <span class='ocrx_word' id='word_1_661' title='bbox 1555 4100 1775 4157; x_wconf 81' lang='lat' dir='ltr'><strong><em>contradictionis</em></strong></span> 
     </span>
     <span class='ocr_line' id='line_1_43' title="bbox 117 4181 1775 4272; baseline -0.004 -17"><span class='ocrx_word' id='word_1_662' title='bbox 117 4181 198 4271; x_wconf 80' lang='lat' dir='ltr'><strong><em>‘quse</em></strong></span> <span class='ocrx_word' id='word_1_663' title='bbox 209 4199 235 4257; x_wconf 91' lang='lat' dir='ltr'><strong><em>id</em></strong></span> <span class='ocrx_word' id='word_1_664' title='bbox 249 4198 322 4271; x_wconf 90' lang='lat' dir='ltr'><strong><em>quod</em></strong></span> <span class='ocrx_word' id='word_1_665' title='bbox 334 4199 434 4256; x_wconf 88' lang='lat' dir='ltr'><strong><em>bonurn</em></strong></span> <span class='ocrx_word' id='word_1_666' title='bbox 445 4207 496 4267; x_wconf 90' lang='grc' dir='ltr'><strong>εει,</strong></span> <span class='ocrx_word' id='word_1_667' title='bbox 509 4199 610 4259; x_wconf 85' lang='lat' dir='ltr'><strong><em>malurn</em></strong></span> <span class='ocrx_word' id='word_1_668' title='bbox 621 4201 767 4259; x_wconf 87' lang='lat' dir='ltr'><strong><em>arbitratur</em></strong></span> <span class='ocrx_word' id='word_1_669' title='bbox 781 4219 853 4272; x_wconf 89' lang='grc' dir='ltr'><strong>εεεε,</strong></span> <span class='ocrx_word' id='word_1_670' title='bbox 864 4207 932 4263; x_wconf 84' lang='lat' dir='ltr'><strong><em>iaisa</em></strong></span> <span class='ocrx_word' id='word_1_671' title='bbox 983 4209 1035 4268; x_wconf 89' lang='lat' dir='ltr'><strong><em>est,</em></strong></span> <span class='ocrx_word' id='word_1_672' title='bbox 1050 4201 1132 4256; x_wconf 87' lang='lat' dir='ltr'><strong><em>idest</em></strong></span> <span class='ocrx_word' id='word_1_673' title='bbox 1147 4198 1230 4271; x_wconf 87' lang='lat' dir='ltr'><strong><em>magis</em></strong></span> <span class='ocrx_word' id='word_1_674' title='bbox 1243 4212 1309 4254; x_wconf 84' lang='lat' dir='ltr'><strong><em>reru</em></strong></span> <span class='ocrx_word' id='word_1_675' title='bbox 1322 4197 1386 4253; x_wconf 78' lang='lat' dir='ltr'><strong><em>iuter</em></strong></span> <span class='ocrx_word' id='word_1_676' title='bbox 1401 4198 1505 4269; x_wconf 85' lang='lat' dir='ltr'><strong><em>negatio</em></strong></span> <span class='ocrx_word' id='word_1_677' title='bbox 1516 4193 1581 4269; x_wconf 88' lang='grc' dir='ltr'><strong>εει),</strong></span> <span class='ocrx_word' id='word_1_678' title='bbox 1594 4193 1737 4262; x_wconf 77' lang='lat' dir='ltr'><strong><em>concludit,</em></strong></span> <span class='ocrx_word' id='word_1_679' title='bbox 1752 4194 1775 4251; x_wconf 88' lang='lat' dir='ltr'><strong><em>si</em></strong></span> 
     </span>
     <span class='ocr_line' id='line_1_44' title="bbox 140 4283 1777 4365; baseline -0.008 -14"><span class='ocrx_word' id='word_1_680' title='bbox 140 4302 190 4359; x_wconf 90' lang='lat' dir='ltr'><strong><em>est,</em></strong></span> <span class='ocrx_word' id='word_1_681' title='bbox 209 4301 236 4350; x_wconf 90' lang='lat' dir='ltr'><strong><em>et</em></strong></span> <span class='ocrx_word' id='word_1_682' title='bbox 257 4300 317 4363; x_wconf 89' lang='lat' dir='ltr'><strong><em>apta</em></strong></span> <span class='ocrx_word' id='word_1_683' title='bbox 331 4293 357 4350; x_wconf 87' lang='lat' dir='ltr'><strong><em>ci</em></strong></span> <span class='ocrx_word' id='word_1_684' title='bbox 380 4292 558 4365; x_wconf 89' lang='lat' dir='ltr'><strong><em>propositioni</em></strong></span> <span class='ocrx_word' id='word_1_685' title='bbox 578 4306 699 4365; x_wconf 77' lang='lat' dir='ltr'><strong><em>quaest</em></strong></span> <span class='ocrx_word' id='word_1_686' title='bbox 721 4299 868 4356; x_wconf 76' lang='lat' dir='ltr'><strong><em>secundum</em></strong></span> <span class='ocrx_word' id='word_1_687' title='bbox 886 4315 932 4359; x_wconf 71' lang='lat' dir='ltr'><strong><em>pp.</em></strong></span> <span class='ocrx_word' id='word_1_688' title='bbox 982 4289 1046 4356; x_wconf 86' lang='lat' dir='ltr'><strong><em>itia,</em></strong></span> <span class='ocrx_word' id='word_1_689' title='bbox 1062 4300 1090 4346; x_wconf 93' lang='lat' dir='ltr'><strong><em>ut</em></strong></span> <span class='ocrx_word' id='word_1_690' title='bbox 1111 4291 1212 4347; x_wconf 90' lang='lat' dir='ltr'><strong><em>dictum</em></strong></span> <span class='ocrx_word' id='word_1_691' title='bbox 1232 4299 1275 4346; x_wconf 87' lang='lat' dir='ltr'><strong><em>est</em></strong></span> <span class='ocrx_word' id='word_1_692' title='bbox 1293 4289 1434 4360; x_wconf 87' lang='lat' dir='ltr'><strong><em>superius,</em></strong></span> <span class='ocrx_word' id='word_1_693' title='bbox 1449 4288 1485 4343; x_wconf 88' lang='lat' dir='ltr'><strong><em>ita</em></strong></span> <span class='ocrx_word' id='word_1_694' title='bbox 1500 4295 1583 4353; x_wconf 85' lang='lat' dir='ltr'><strong><em>runt,</em></strong></span> <span class='ocrx_word' id='word_1_695' title='bbox 1607 4283 1777 4339; x_wconf 81' lang='lat' dir='ltr'><strong><em>inattiiestum</em></strong></span> 
     </span>
    </p>
   </div>
   <div class='ocr_carea' id='block_1_4' title="bbox 87 4376 1778 5848">
    <p class='ocr_par' dir='ltr' id='par_1_4' title="bbox 140 4376 1777 4556">
     <span class='ocr_line' id='line_1_45' title="bbox 141 4376 1777 4458; baseline 0.003 -18"><span class='ocrx_word' id='word_1_696' title='bbox 141 4384 234 4440; x_wconf 85' lang='lat' dir='ltr'><strong><em>ridens</em></strong></span> <span class='ocrx_word' id='word_1_697' title='bbox 252 4397 327 4454; x_wconf 79' lang='lat' dir='ltr'><strong><em>vera,</em></strong></span> <span class='ocrx_word' id='word_1_698' title='bbox 341 4385 367 4441; x_wconf 88' lang='lat' dir='ltr'><strong><em>id</em></strong></span> <span class='ocrx_word' id='word_1_699' title='bbox 382 4394 424 4442; x_wconf 86' lang='lat' dir='ltr'><strong><em>eet</em></strong></span> <span class='ocrx_word' id='word_1_700' title='bbox 436 4377 498 4458; x_wconf 67' lang='lat' dir='ltr'><strong><em>quse</em></strong></span> <span class='ocrx_word' id='word_1_701' title='bbox 516 4385 677 4457; x_wconf 86' lang='lat' dir='ltr'><strong><em>opinabatur</em></strong></span> <span class='ocrx_word' id='word_1_702' title='bbox 691 4388 790 4445; x_wconf 89' lang='lat' dir='ltr'><strong><em>bonurn</em></strong></span> <span class='ocrx_word' id='word_1_703' title='bbox 803 4405 857 4449; x_wconf 89' lang='lat' dir='ltr'><strong><em>nou</em></strong></span> <span class='ocrx_word' id='word_1_704' title='bbox 871 4407 931 4451; x_wconf 79' lang='lat' dir='ltr'><strong><em>esso</em></strong></span> <span class='ocrx_word' id='word_1_705' title='bbox 982 4398 1052 4452; x_wconf 61' lang='lat'><strong>³⁸⁸⁰.</strong></span> <span class='ocrx_word' id='word_1_706' title='bbox 1070 4385 1198 4455; x_wconf 52' lang='lat' dir='ltr'><strong><em>tumim</em></strong></span> <span class='ocrx_word' id='word_1_707' title='bbox 1212 4383 1280 4452; x_wconf 65' lang='lat'><strong>¹¹²⁰,</strong></span> <span class='ocrx_word' id='word_1_708' title='bbox 1300 4382 1328 4439; x_wconf 69' lang='lat' dir='ltr'><strong><em>id</em></strong></span> <span class='ocrx_word' id='word_1_709' title='bbox 1341 4391 1384 4439; x_wconf 69' lang='lat'><strong><em>⁰⁵¹</em></strong></span> <span class='ocrx_word' id='word_1_710' title='bbox 1396 4380 1625 4446; x_wconf 67' lang='lat' dir='ltr'><strong><em>⁰⁰¹¹²¹¹²t11⁰11⁰¹¹i⁸2</em></strong></span> <span class='ocrx_word' id='word_1_711' title='bbox 1648 4376 1700 4431; x_wconf 70' lang='grc' dir='ltr'><strong><em>θῐῑῑ</em></strong></span> <span class='ocrx_word' id='word_1_712' title='bbox 1711 4389 1777 4431; x_wconf 71' lang='lat'><strong>⁰⁰¹¹·</strong></span> 
     </span>
     <span class='ocr_line' id='line_1_46' title="bbox 140 4476 1075 4556; baseline 0.013 -24"><span class='ocrx_word' id='word_1_713' title='bbox 140 4476 251 4532; x_wconf 86' lang='lat' dir='ltr'><strong><em>malum.</em></strong></span> <span class='ocrx_word' id='word_1_714' title='bbox 271 4478 359 4544; x_wconf 82' lang='lat' dir='ltr'><strong><em>Quare</em></strong></span> <span class='ocrx_word' id='word_1_715' title='bbox 378 4479 462 4548; x_wconf 87' lang='lat' dir='ltr'><strong><em>magis</em></strong></span> <span class='ocrx_word' id='word_1_716' title='bbox 476 4478 531 4535; x_wconf 90' lang='lat' dir='ltr'><strong><em>erit</em></strong></span> <span class='ocrx_word' id='word_1_717' title='bbox 544 4477 610 4535; x_wconf 88' lang='lat' dir='ltr'><strong><em>ialsa</em></strong></span> <span class='ocrx_word' id='word_1_718' title='bbox 625 4478 659 4536; x_wconf 91' lang='lat' dir='ltr'><strong><em>de</em></strong></span> <span class='ocrx_word' id='word_1_719' title='bbox 680 4481 751 4537; x_wconf 93' lang='lat' dir='ltr'><strong><em>bono</em></strong></span> <span class='ocrx_word' id='word_1_720' title='bbox 765 4499 797 4539; x_wconf 88' lang='lat' dir='ltr'><strong><em>ca</em></strong></span> <span class='ocrx_word' id='word_1_721' title='bbox 816 4499 875 4556; x_wconf 74' lang='lat' dir='ltr'><strong><em>qus</em></strong></span> <span class='ocrx_word' id='word_1_722' title='bbox 888 4496 931 4544; x_wconf 87' lang='lat' dir='ltr'><strong><em>est</em></strong></span> <span class='ocrx_word' id='word_1_723' title='bbox 982 4480 1075 4535; x_wconf 88' lang='lat' dir='ltr'><strong><em>traria.</em></strong></span> 
     </span>
    </p>

    <p class='ocr_par' dir='ltr' id='par_1_5' title="bbox 139 4566 1778 4829">
     <span class='ocr_line' id='line_1_47' title="bbox 139 4566 1778 4646; baseline -0.002 -24"><span class='ocrx_word' id='word_1_724' title='bbox 139 4566 287 4638; x_wconf 73' lang='lat' dir='ltr'><strong><em>negationis</em></strong></span> <span class='ocrx_word' id='word_1_725' title='bbox 306 4567 397 4639; x_wconf 91' lang='lat' dir='ltr'><strong><em>opinio</em></strong></span> <span class='ocrx_word' id='word_1_726' title='bbox 410 4583 490 4639; x_wconf 87' lang='lat' dir='ltr'><strong><em>quam</em></strong></span> <span class='ocrx_word' id='word_1_727' title='bbox 504 4584 535 4626; x_wconf 89' lang='lat' dir='ltr'><strong><em>ea</em></strong></span> <span class='ocrx_word' id='word_1_728' title='bbox 547 4585 609 4642; x_wconf 80' lang='lat' dir='ltr'><strong><em>quae</em></strong></span> <span class='ocrx_word' id='word_1_729' title='bbox 622 4579 663 4626; x_wconf 87' lang='grc' dir='ltr'><strong><em>εει</em></strong></span> <span class='ocrx_word' id='word_1_730' title='bbox 680 4573 818 4643; x_wconf 88' lang='lat' dir='ltr'><strong><em>contrarii,</em></strong></span> <span class='ocrx_word' id='word_1_731' title='bbox 835 4576 861 4632; x_wconf 88' lang='lat' dir='ltr'><strong><em>id</em></strong></span> <span class='ocrx_word' id='word_1_732' title='bbox 876 4567 971 4646; x_wconf 81' lang='lat' dir='ltr'><strong><em>est,1i</em></strong></span> <span class='ocrx_word' id='word_1_733' title='bbox 1019 4571 1074 4629; x_wconf 82' lang='lat' dir='ltr'><strong><em>iiio</em></strong></span> <span class='ocrx_word' id='word_1_734' title='bbox 1091 4589 1149 4627; x_wconf 83' lang='lat' dir='ltr'><strong><em>otro</em></strong></span> <span class='ocrx_word' id='word_1_735' title='bbox 1161 4587 1219 4639; x_wconf 82' lang='lat' dir='ltr'><strong><em>qrtoe</em></strong></span> <span class='ocrx_word' id='word_1_736' title='bbox 1229 4580 1276 4637; x_wconf 89' lang='lat' dir='ltr'><strong><em>ert,</em></strong></span> <span class='ocrx_word' id='word_1_737' title='bbox 1291 4572 1413 4643; x_wconf 85' lang='lat' dir='ltr'><strong><em>quoniono</em></strong></span> <span class='ocrx_word' id='word_1_738' title='bbox 1425 4570 1522 4624; x_wconf 79' lang='lat' dir='ltr'><strong><em>motuni</em></strong></span> <span class='ocrx_word' id='word_1_739' title='bbox 1539 4580 1586 4636; x_wconf 88' lang='lat' dir='ltr'><strong><em>ert,</em></strong></span> <span class='ocrx_word' id='word_1_740' title='bbox 1601 4568 1670 4638; x_wconf 85' lang='lat' dir='ltr'><strong><em>quod</em></strong></span> <span class='ocrx_word' id='word_1_741' title='bbox 1683 4567 1778 4621; x_wconf 83' lang='lat' dir='ltr'><strong><em>bonurn</em></strong></span> 
     </span>
     <span class='ocr_line' id='line_1_48' title="bbox 139 4658 1778 4735; baseline -0.003 -21"><span class='ocrx_word' id='word_1_742' title='bbox 139 4660 223 4730; x_wconf 84' lang='lat' dir='ltr'><strong><em>magis</em></strong></span> <span class='ocrx_word' id='word_1_743' title='bbox 237 4658 371 4715; x_wconf 87' lang='lat' dir='ltr'><strong><em>contraria</em></strong></span> <span class='ocrx_word' id='word_1_744' title='bbox 391 4668 432 4715; x_wconf 89' lang='lat' dir='ltr'><strong><em>est</em></strong></span> <span class='ocrx_word' id='word_1_745' title='bbox 445 4660 552 4729; x_wconf 83' lang='lat' dir='ltr'><strong><em>negatio</em></strong></span> <span class='ocrx_word' id='word_1_746' title='bbox 563 4674 643 4730; x_wconf 88' lang='lat' dir='ltr'><strong><em>quant</em></strong></span> <span class='ocrx_word' id='word_1_747' title='bbox 663 4662 808 4721; x_wconf 84' lang='lat' dir='ltr'><strong><em>aiiirrnatio</em></strong></span> <span class='ocrx_word' id='word_1_748' title='bbox 821 4677 929 4722; x_wconf 89' lang='lat' dir='ltr'><strong><em>contra·</em></strong></span> <span class='ocrx_word' id='word_1_749' title='bbox 982 4676 1030 4734; x_wconf 84' lang='lat' dir='ltr'><strong><em>ert,</em></strong></span> <span class='ocrx_word' id='word_1_750' title='bbox 1044 4665 1169 4735; x_wconf 79' lang='lat' dir='ltr'><strong><em>tnptntto</em></strong></span> <span class='ocrx_word' id='word_1_751' title='bbox 1183 4672 1230 4717; x_wconf 87' lang='lat' dir='ltr'><strong><em>ert.</em></strong></span> <span class='ocrx_word' id='word_1_752' title='bbox 1253 4661 1354 4716; x_wconf 80' lang='lat' dir='ltr'><strong><em>Etenim</em></strong></span> <span class='ocrx_word' id='word_1_753' title='bbox 1365 4660 1487 4731; x_wconf 88' lang='lat' dir='ltr'><strong><em>quoniom</em></strong></span> <span class='ocrx_word' id='word_1_754' title='bbox 1503 4675 1554 4713; x_wconf 93' lang='lat' dir='ltr'><strong><em>non</em></strong></span> <span class='ocrx_word' id='word_1_755' title='bbox 1568 4660 1663 4713; x_wconf 81' lang='lat' dir='ltr'><strong><em>oonrnn</em></strong></span> <span class='ocrx_word' id='word_1_756' title='bbox 1675 4665 1721 4713; x_wconf 84' lang='lat' dir='ltr'><strong><em>est.</em></strong></span> <span class='ocrx_word' id='word_1_757' title='bbox 1733 4671 1778 4710; x_wconf 86' lang='lat' dir='ltr'><strong><em>ne·</em></strong></span> 
     </span>
     <span class='ocr_line' id='line_1_49' title="bbox 139 4750 1480 4829; baseline -0.001 -24"><span class='ocrx_word' id='word_1_758' title='bbox 139 4750 182 4806; x_wconf 85' lang='lat' dir='ltr'><strong><em>rii.</em></strong></span> <span class='ocrx_word' id='word_1_759' title='bbox 212 4750 349 4822; x_wconf 84' lang='lat' dir='ltr'><strong><em>Siquidem</em></strong></span> <span class='ocrx_word' id='word_1_760' title='bbox 364 4765 425 4809; x_wconf 85' lang='lat' dir='ltr'><strong><em>cum</em></strong></span> <span class='ocrx_word' id='word_1_761' title='bbox 446 4753 501 4809; x_wconf 85' lang='lat' dir='ltr'><strong><em>sint</em></strong></span> <span class='ocrx_word' id='word_1_762' title='bbox 518 4751 552 4808; x_wconf 93' lang='lat' dir='ltr'><strong><em>de</em></strong></span> <span class='ocrx_word' id='word_1_763' title='bbox 571 4752 643 4809; x_wconf 90' lang='lat' dir='ltr'><strong><em>bono</em></strong></span> <span class='ocrx_word' id='word_1_764' title='bbox 657 4762 778 4826; x_wconf 83' lang='lat' dir='ltr'><strong><em>utraeque</em></strong></span> <span class='ocrx_word' id='word_1_765' title='bbox 802 4757 929 4826; x_wconf 76' lang='lat' dir='ltr'><strong><em>pradica-</em></strong></span> <span class='ocrx_word' id='word_1_766' title='bbox 983 4765 1099 4813; x_wconf 83' lang='lat' dir='ltr'><strong><em>cesserat</em></strong></span> <span class='ocrx_word' id='word_1_767' title='bbox 1112 4760 1179 4829; x_wconf 74' lang='lat' dir='ltr'><strong><em>[orte</em></strong></span> <span class='ocrx_word' id='word_1_768' title='bbox 1191 4754 1258 4809; x_wconf 88' lang='lat' dir='ltr'><strong><em>ident</em></strong></span> <span class='ocrx_word' id='word_1_769' title='bbox 1269 4754 1354 4825; x_wconf 82' lang='lat' dir='ltr'><strong><em>ipsum</em></strong></span> <span class='ocrx_word' id='word_1_770' title='bbox 1366 4752 1480 4821; x_wconf 86' lang='lat' dir='ltr'><strong><em>opinori.</em></strong></span> 
     </span>
    </p>

    <p class='ocr_par' dir='ltr' id='par_1_6' title="bbox 87 4837 1777 5848">
     <span class='ocr_line' id='line_1_50' title="bbox 139 4837 1777 4920; baseline 0 -27"><span class='ocrx_word' id='word_1_771' title='bbox 139 4847 183 4905; x_wconf 88' lang='lat' dir='ltr'><strong><em>tae,</em></strong></span> <span class='ocrx_word' id='word_1_772' title='bbox 204 4839 296 4897; x_wconf 88' lang='lat' dir='ltr'><strong><em>iaisior</em></strong></span> <span class='ocrx_word' id='word_1_773' title='bbox 310 4851 399 4897; x_wconf 88' lang='lat' dir='ltr'><strong><em>tamen</em></strong></span> <span class='ocrx_word' id='word_1_774' title='bbox 417 4840 524 4912; x_wconf 91' lang='lat' dir='ltr'><strong><em>negatio</em></strong></span> <span class='ocrx_word' id='word_1_775' title='bbox 543 4844 687 4913; x_wconf 90' lang='lat' dir='ltr'><strong><em>reperitur.</em></strong></span> <span class='ocrx_word' id='word_1_776' title='bbox 705 4845 760 4902; x_wconf 88' lang='lat' dir='ltr'><strong><em>Sed</em></strong></span> <span class='ocrx_word' id='word_1_777' title='bbox 774 4849 845 4918; x_wconf 89' lang='lat' dir='ltr'><strong><em>quod</em></strong></span> <span class='ocrx_word' id='word_1_778' title='bbox 860 4849 931 4908; x_wconf 82' lang='lat' dir='ltr'><strong><em>dixit</em></strong></span> <span class='ocrx_word' id='word_1_779' title='bbox 1019 4849 1164 4920; x_wconf 82' lang='lat' dir='ltr'><strong><em>Postquam</em></strong></span> <span class='ocrx_word' id='word_1_780' title='bbox 1188 4845 1287 4901; x_wconf 86' lang='lat' dir='ltr'><strong><em>idcirco</em></strong></span> <span class='ocrx_word' id='word_1_781' title='bbox 1313 4840 1477 4899; x_wconf 89' lang='lat' dir='ltr'><strong><em>contrarium</em></strong></span> <span class='ocrx_word' id='word_1_782' title='bbox 1497 4841 1585 4911; x_wconf 86' lang='lat' dir='ltr'><strong><em>potius</em></strong></span> <span class='ocrx_word' id='word_1_783' title='bbox 1608 4837 1777 4910; x_wconf 86' lang='lat' dir='ltr'><strong><em>negationem</em></strong></span> 
     </span>
     <span class='ocr_line' id='line_1_51' title="bbox 138 4929 1777 5010; baseline -0.001 -23"><span class='ocrx_word' id='word_1_784' title='bbox 138 4929 208 4987; x_wconf 89' lang='lat' dir='ltr'><strong><em>bono</em></strong></span> <span class='ocrx_word' id='word_1_785' title='bbox 221 4931 357 4999; x_wconf 84' lang='lat' dir='ltr'><strong><em>accidere,</em></strong></span> <span class='ocrx_word' id='word_1_786' title='bbox 373 4938 403 4987; x_wconf 89' lang='lat' dir='ltr'><strong><em>ut</em></strong></span> <span class='ocrx_word' id='word_1_787' title='bbox 418 4937 516 4988; x_wconf 80' lang='lat' dir='ltr'><strong><em>malunt</em></strong></span> <span class='ocrx_word' id='word_1_788' title='bbox 529 4948 582 4989; x_wconf 92' lang='lat' dir='ltr'><strong><em>non</em></strong></span> <span class='ocrx_word' id='word_1_789' title='bbox 597 4935 642 5001; x_wconf 89' lang='lat' dir='ltr'><strong><em>sit,</em></strong></span> <span class='ocrx_word' id='word_1_790' title='bbox 658 4951 711 4992; x_wconf 92' lang='lat' dir='ltr'><strong><em>non</em></strong></span> <span class='ocrx_word' id='word_1_791' title='bbox 727 4937 763 4993; x_wconf 88' lang='lat' dir='ltr'><strong><em>ita</em></strong></span> <span class='ocrx_word' id='word_1_792' title='bbox 779 4938 929 5010; x_wconf 83' lang='lat' dir='ltr'><strong><em>iutetttgsn·</em></strong></span> <span class='ocrx_word' id='word_1_793' title='bbox 984 4942 1142 5000; x_wconf 85' lang='lat' dir='ltr'><strong><em>monstrarit</em></strong></span> <span class='ocrx_word' id='word_1_794' title='bbox 1152 4954 1225 5007; x_wconf 88' lang='lat' dir='ltr'><strong><em>esse,</em></strong></span> <span class='ocrx_word' id='word_1_795' title='bbox 1238 4936 1310 5009; x_wconf 91' lang='lat' dir='ltr'><strong><em>quod</em></strong></span> <span class='ocrx_word' id='word_1_796' title='bbox 1323 4939 1381 4992; x_wconf 75' lang='lat' dir='ltr'><strong><em>bue</em></strong></span> <span class='ocrx_word' id='word_1_797' title='bbox 1391 4933 1475 5007; x_wconf 86' lang='lat' dir='ltr'><strong><em>tnagis</em></strong></span> <span class='ocrx_word' id='word_1_798' title='bbox 1490 4944 1563 4992; x_wconf 89' lang='lat' dir='ltr'><strong><em>esset</em></strong></span> <span class='ocrx_word' id='word_1_799' title='bbox 1574 4933 1641 4988; x_wconf 87' lang='lat' dir='ltr'><strong><em>iaisa</em></strong></span> <span class='ocrx_word' id='word_1_800' title='bbox 1652 4945 1731 5002; x_wconf 89' lang='lat' dir='ltr'><strong><em>quarn</em></strong></span> <span class='ocrx_word' id='word_1_801' title='bbox 1743 4942 1777 4984; x_wconf 86' lang='lat' dir='ltr'><strong><em>ea</em></strong></span> 
     </span>
     <span class='ocr_line' id='line_1_52' title="bbox 87 5021 1776 5109; baseline -0.007 -16"><span class='ocrx_word' id='word_1_802' title='bbox 87 5104 88 5108; x_wconf 6' lang='grc' dir='ltr'><strong>Ἰ</strong></span> <span class='ocrx_word' id='word_1_803' title='bbox 138 5021 200 5078; x_wconf 73' lang='lat'><strong>(¹⁰¹⁰</strong></span> <span class='ocrx_word' id='word_1_804' title='bbox 219 5033 261 5080; x_wconf 68' lang='lat'><strong><em>⁰⁸²</em></strong></span> <span class='ocrx_word' id='word_1_805' title='bbox 281 5024 507 5097; x_wconf 86' lang='lat' dir='ltr'><strong><em>quemadmodum</em></strong></span> <span class='ocrx_word' id='word_1_806' title='bbox 530 5026 649 5081; x_wconf 73' lang='lat'><strong>⁸⁰¹0¹¹¹¹¹⁸</strong></span> <span class='ocrx_word' id='word_1_807' title='bbox 670 5028 780 5094; x_wconf 87' lang='lat' dir='ltr'><strong><em>dicere,</em></strong></span> <span class='ocrx_word' id='word_1_808' title='bbox 806 5030 929 5103; x_wconf 73' lang='lat' dir='ltr'><strong><em>subjecto</em></strong></span> <span class='ocrx_word' id='word_1_809' title='bbox 985 5033 1220 5109; x_wconf 74' lang='lat' dir='ltr'><strong><em>quaecontrariuut</em></strong></span> <span class='ocrx_word' id='word_1_810' title='bbox 1233 5031 1390 5103; x_wconf 79' lang='lat' dir='ltr'><strong><em>affirmaret,</em></strong></span> <span class='ocrx_word' id='word_1_811' title='bbox 1413 5040 1441 5088; x_wconf 89' lang='lat' dir='ltr'><strong><em>et</em></strong></span> <span class='ocrx_word' id='word_1_812' title='bbox 1460 5031 1630 5088; x_wconf 85' lang='lat' dir='ltr'><strong><em>distinctione</em></strong></span> <span class='ocrx_word' id='word_1_813' title='bbox 1652 5026 1776 5083; x_wconf 78' lang='lat' dir='ltr'><strong><em>falsitatis</em></strong></span> 
     </span>
     <span class='ocr_line' id='line_1_53' title="bbox 137 5115 1776 5198; baseline 0.003 -30"><span class='ocrx_word' id='word_1_814' title='bbox 137 5115 236 5185; x_wconf 80' lang='lat' dir='ltr'><strong><em>aliquid</em></strong></span> <span class='ocrx_word' id='word_1_815' title='bbox 256 5115 389 5173; x_wconf 86' lang='lat' dir='ltr'><strong><em>accidere.</em></strong></span> <span class='ocrx_word' id='word_1_816' title='bbox 405 5116 497 5186; x_wconf 85' lang='lat' dir='ltr'><strong><em>Neque</em></strong></span> <span class='ocrx_word' id='word_1_817' title='bbox 513 5119 585 5172; x_wconf 88' lang='lat' dir='ltr'><strong><em>enirn</em></strong></span> <span class='ocrx_word' id='word_1_818' title='bbox 602 5117 659 5174; x_wconf 84' lang='lat' dir='ltr'><strong><em>tieri</em></strong></span> <span class='ocrx_word' id='word_1_819' title='bbox 683 5131 779 5190; x_wconf 90' lang='lat' dir='ltr'><strong><em>potest,</em></strong></span> <span class='ocrx_word' id='word_1_820' title='bbox 794 5121 844 5181; x_wconf 85' lang='lat' dir='ltr'><strong><em>sed</em></strong></span> <span class='ocrx_word' id='word_1_821' title='bbox 858 5123 930 5180; x_wconf 91' lang='lat' dir='ltr'><strong><em>acci·</em></strong></span> <span class='ocrx_word' id='word_1_822' title='bbox 984 5129 1145 5185; x_wconf 89' lang='lat' dir='ltr'><strong><em>contrariam</em></strong></span> <span class='ocrx_word' id='word_1_823' title='bbox 1160 5141 1222 5184; x_wconf 88' lang='lat' dir='ltr'><strong><em>esse</em></strong></span> <span class='ocrx_word' id='word_1_824' title='bbox 1242 5126 1451 5198; x_wconf 85' lang='lat' dir='ltr'><strong><em>propositionem</em></strong></span> <span class='ocrx_word' id='word_1_825' title='bbox 1471 5125 1690 5196; x_wconf 84' lang='lat' dir='ltr'><strong><em>opinionemque,</em></strong></span> <span class='ocrx_word' id='word_1_826' title='bbox 1715 5131 1776 5189; x_wconf 75' lang='lat' dir='ltr'><strong><em>quaa</em></strong></span> 
     </span>
     <span class='ocr_line' id='line_1_54' title="bbox 137 5202 1777 5290; baseline 0.005 -32"><span class='ocrx_word' id='word_1_827' title='bbox 137 5202 202 5260; x_wconf 86' lang='lat' dir='ltr'><strong><em>dcrc</em></strong></span> <span class='ocrx_word' id='word_1_828' title='bbox 217 5205 260 5260; x_wconf 87' lang='lat' dir='ltr'><strong><em>bic</em></strong></span> <span class='ocrx_word' id='word_1_829' title='bbox 272 5205 475 5277; x_wconf 86' lang='lat' dir='ltr'><strong><em>intettigenduru</em></strong></span> <span class='ocrx_word' id='word_1_830' title='bbox 496 5214 537 5262; x_wconf 90' lang='grc' dir='ltr'><strong><em>εει</em></strong></span> <span class='ocrx_word' id='word_1_831' title='bbox 551 5208 671 5264; x_wconf 84' lang='lat' dir='ltr'><strong><em>securrdo</em></strong></span> <span class='ocrx_word' id='word_1_832' title='bbox 684 5208 743 5267; x_wconf 87' lang='lat' dir='ltr'><strong><em>ioco</em></strong></span> <span class='ocrx_word' id='word_1_833' title='bbox 755 5213 820 5281; x_wconf 89' lang='lat' dir='ltr'><strong><em>dici,</em></strong></span> <span class='ocrx_word' id='word_1_834' title='bbox 834 5215 929 5284; x_wconf 89' lang='lat' dir='ltr'><strong><em>princi·</em></strong></span> <span class='ocrx_word' id='word_1_835' title='bbox 984 5234 1040 5276; x_wconf 89' lang='lat' dir='ltr'><strong><em>rem</em></strong></span> <span class='ocrx_word' id='word_1_836' title='bbox 1054 5221 1229 5290; x_wconf 84' lang='lat' dir='ltr'><strong><em>propositam,</em></strong></span> <span class='ocrx_word' id='word_1_837' title='bbox 1252 5226 1364 5288; x_wconf 83' lang='lat' dir='ltr'><strong><em>negaret</em></strong></span> <span class='ocrx_word' id='word_1_838' title='bbox 1382 5215 1500 5283; x_wconf 88' lang='lat' dir='ltr'><strong><em>edocuit,</em></strong></span> <span class='ocrx_word' id='word_1_839' title='bbox 1515 5228 1585 5270; x_wconf 90' lang='lat' dir='ltr'><strong><em>nuno</em></strong></span> <span class='ocrx_word' id='word_1_840' title='bbox 1599 5227 1631 5270; x_wconf 90' lang='lat' dir='ltr'><strong><em>er</em></strong></span> <span class='ocrx_word' id='word_1_841' title='bbox 1646 5209 1777 5282; x_wconf 79' lang='lat' dir='ltr'><strong><em>simplici·</em></strong></span> 
     </span>
     <span class='ocr_line' id='line_1_55' title="bbox 137 5293 1774 5384; baseline 0.009 -37"><span class='ocrx_word' id='word_1_842' title='bbox 137 5293 235 5364; x_wconf 84' lang='lat' dir='ltr'><strong><em>patiter</em></strong></span> <span class='ocrx_word' id='word_1_843' title='bbox 257 5299 331 5352; x_wconf 81' lang='lat' dir='ltr'><strong><em>enim</em></strong></span> <span class='ocrx_word' id='word_1_844' title='bbox 353 5297 425 5368; x_wconf 86' lang='lat' dir='ltr'><strong><em>quod</em></strong></span> <span class='ocrx_word' id='word_1_845' title='bbox 448 5305 490 5351; x_wconf 89' lang='lat' dir='ltr'><strong><em>cst</em></strong></span> <span class='ocrx_word' id='word_1_846' title='bbox 513 5295 612 5352; x_wconf 90' lang='lat' dir='ltr'><strong><em>bonurn</em></strong></span> <span class='ocrx_word' id='word_1_847' title='bbox 629 5299 726 5355; x_wconf 90' lang='lat' dir='ltr'><strong><em>dicitur</em></strong></span> <span class='ocrx_word' id='word_1_848' title='bbox 747 5302 861 5362; x_wconf 86' lang='lat' dir='ltr'><strong><em>bouum.</em></strong></span> <span class='ocrx_word' id='word_1_849' title='bbox 875 5304 926 5377; x_wconf 66' lang='lat' dir='ltr'><strong><em>So·</em></strong></span> <span class='ocrx_word' id='word_1_850' title='bbox 983 5307 1774 5384; x_wconf 84' lang='lat' dir='ltr'><strong><em>busimpiicitisqucpropositionibusopinionibusqneidcm</em></strong></span> 
     </span>
     <span class='ocr_line' id='line_1_56' title="bbox 136 5388 1775 5473; baseline 0.009 -31"><span class='ocrx_word' id='word_1_851' title='bbox 136 5389 227 5445; x_wconf 91' lang='lat' dir='ltr'><strong><em>cundo</em></strong></span> <span class='ocrx_word' id='word_1_852' title='bbox 240 5404 305 5444; x_wconf 86' lang='lat' dir='ltr'><strong><em>vero</em></strong></span> <span class='ocrx_word' id='word_1_853' title='bbox 319 5389 379 5445; x_wconf 87' lang='lat' dir='ltr'><strong><em>loco</em></strong></span> <span class='ocrx_word' id='word_1_854' title='bbox 391 5388 500 5457; x_wconf 85' lang='lat' dir='ltr'><strong><em>dicitur,</em></strong></span> <span class='ocrx_word' id='word_1_855' title='bbox 515 5404 568 5445; x_wconf 92' lang='lat' dir='ltr'><strong><em>non</em></strong></span> <span class='ocrx_word' id='word_1_856' title='bbox 582 5400 623 5446; x_wconf 87' lang='lat' dir='ltr'><strong><em>est</em></strong></span> <span class='ocrx_word' id='word_1_857' title='bbox 634 5392 752 5462; x_wconf 79' lang='lat' dir='ltr'><strong><em>matum3</em></strong></span> <span class='ocrx_word' id='word_1_858' title='bbox 768 5397 819 5452; x_wconf 87' lang='lat' dir='ltr'><strong><em>buc</em></strong></span> <span class='ocrx_word' id='word_1_859' title='bbox 835 5406 926 5457; x_wconf 85' lang='lat' dir='ltr'><strong><em>autem</em></strong></span> <span class='ocrx_word' id='word_1_860' title='bbox 981 5401 1077 5459; x_wconf 89' lang='lat' dir='ltr'><strong><em>nititur</em></strong></span> <span class='ocrx_word' id='word_1_861' title='bbox 1092 5403 1251 5473; x_wconf 83' lang='lat' dir='ltr'><strong><em>approbare.</em></strong></span> <span class='ocrx_word' id='word_1_862' title='bbox 1265 5403 1335 5460; x_wconf 82' lang='lat' dir='ltr'><strong><em>Dicit</em></strong></span> <span class='ocrx_word' id='word_1_863' title='bbox 1348 5403 1419 5457; x_wconf 88' lang='lat' dir='ltr'><strong><em>enim</em></strong></span> <span class='ocrx_word' id='word_1_864' title='bbox 1432 5401 1503 5472; x_wconf 92' lang='lat' dir='ltr'><strong><em>quod</em></strong></span> <span class='ocrx_word' id='word_1_865' title='bbox 1514 5417 1546 5458; x_wconf 88' lang='lat' dir='ltr'><strong><em>ea</em></strong></span> <span class='ocrx_word' id='word_1_866' title='bbox 1558 5400 1701 5458; x_wconf 86' lang='lat' dir='ltr'><strong><em>aiiirmatio</em></strong></span> <span class='ocrx_word' id='word_1_867' title='bbox 1714 5414 1775 5473; x_wconf 71' lang='lat' dir='ltr'><strong><em>qum</em></strong></span> 
     </span>
     <span class='ocr_line' id='line_1_57' title="bbox 137 5482 1775 5566; baseline 0.008 -28"><span class='ocrx_word' id='word_1_868' title='bbox 137 5488 253 5538; x_wconf 82' lang='lat' dir='ltr'><strong><em>tractum</em></strong></span> <span class='ocrx_word' id='word_1_869' title='bbox 269 5490 311 5536; x_wconf 89' lang='lat' dir='ltr'><strong><em>est</em></strong></span> <span class='ocrx_word' id='word_1_870' title='bbox 325 5496 340 5537; x_wconf 89' lang='lat' dir='ltr'><strong><em>a</em></strong></span> <span class='ocrx_word' id='word_1_871' title='bbox 360 5482 535 5538; x_wconf 78' lang='lat' dir='ltr'><strong><em>similitudine</em></strong></span> <span class='ocrx_word' id='word_1_872' title='bbox 550 5483 706 5542; x_wconf 84' lang='lat' dir='ltr'><strong><em>substantiae</em></strong></span> <span class='ocrx_word' id='word_1_873' title='bbox 721 5496 751 5543; x_wconf 90' lang='grc' dir='ltr'><strong><em>ει</em></strong></span> <span class='ocrx_word' id='word_1_874' title='bbox 768 5489 926 5550; x_wconf 83' lang='lat' dir='ltr'><strong><em>accidentis.</em></strong></span> <span class='ocrx_word' id='word_1_875' title='bbox 982 5495 1147 5551; x_wconf 86' lang='lat' dir='ltr'><strong><em>contrarium</em></strong></span> <span class='ocrx_word' id='word_1_876' title='bbox 1159 5493 1234 5566; x_wconf 90' lang='lat' dir='ltr'><strong><em>pouit</em></strong></span> <span class='ocrx_word' id='word_1_877' title='bbox 1248 5493 1373 5563; x_wconf 84' lang='lat' dir='ltr'><strong><em>implicita</em></strong></span> <span class='ocrx_word' id='word_1_878' title='bbox 1387 5502 1415 5549; x_wconf 91' lang='grc' dir='ltr'><strong><em>ει</em></strong></span> <span class='ocrx_word' id='word_1_879' title='bbox 1426 5508 1478 5549; x_wconf 92' lang='lat' dir='ltr'><strong><em>non</em></strong></span> <span class='ocrx_word' id='word_1_880' title='bbox 1491 5495 1525 5550; x_wconf 87' lang='lat' dir='ltr'><strong><em>sit</em></strong></span> <span class='ocrx_word' id='word_1_881' title='bbox 1536 5495 1659 5566; x_wconf 81' lang='lat' dir='ltr'><strong><em>simplex.</em></strong></span> <span class='ocrx_word' id='word_1_882' title='bbox 1671 5495 1775 5551; x_wconf 85' lang='lat' dir='ltr'><strong><em>idcireo</em></strong></span> 
     </span>
     <span class='ocr_line' id='line_1_58' title="bbox 138 5571 1775 5658; baseline 0.008 -28"><span class='ocrx_word' id='word_1_883' title='bbox 138 5571 311 5643; x_wconf 82' lang='lat' dir='ltr'><strong><em>Unaquaeque</em></strong></span> <span class='ocrx_word' id='word_1_884' title='bbox 339 5571 411 5627; x_wconf 87' lang='lat' dir='ltr'><strong><em>enim</em></strong></span> <span class='ocrx_word' id='word_1_885' title='bbox 440 5573 589 5628; x_wconf 88' lang='lat' dir='ltr'><strong><em>substantia</em></strong></span> <span class='ocrx_word' id='word_1_886' title='bbox 614 5577 796 5646; x_wconf 77' lang='lat' dir='ltr'><strong><em>principaliter</em></strong></span> <span class='ocrx_word' id='word_1_887' title='bbox 820 5580 928 5654; x_wconf 89' lang='lat' dir='ltr'><strong><em>quidem</em></strong></span> <span class='ocrx_word' id='word_1_888' title='bbox 981 5595 1071 5643; x_wconf 87' lang='lat' dir='ltr'><strong><em>autent</em></strong></span> <span class='ocrx_word' id='word_1_889' title='bbox 1086 5585 1214 5655; x_wconf 81' lang='lat' dir='ltr'><strong><em>implicita</em></strong></span> <span class='ocrx_word' id='word_1_890' title='bbox 1225 5584 1351 5657; x_wconf 88' lang='lat' dir='ltr'><strong><em>estquod</em></strong></span> <span class='ocrx_word' id='word_1_891' title='bbox 1365 5585 1583 5657; x_wconf 85' lang='lat' dir='ltr'><strong><em>quaenrbitratur</em></strong></span> <span class='ocrx_word' id='word_1_892' title='bbox 1598 5586 1623 5642; x_wconf 95' lang='lat' dir='ltr'><strong><em>id</em></strong></span> <span class='ocrx_word' id='word_1_893' title='bbox 1640 5586 1710 5658; x_wconf 92' lang='lat' dir='ltr'><strong><em>quod</em></strong></span> <span class='ocrx_word' id='word_1_894' title='bbox 1726 5587 1775 5643; x_wconf 90' lang='lat' dir='ltr'><strong><em>bo·</em></strong></span> 
     </span>
     <span class='ocr_line' id='line_1_59' title="bbox 134 5663 1774 5753; baseline 0.001 -18"><span class='ocrx_word' id='word_1_895' title='bbox 134 5665 258 5735; x_wconf 57' lang='lat' dir='ltr'><strong><em>subieci*</em></strong></span> <span class='ocrx_word' id='word_1_896' title='bbox 269 5672 321 5733; x_wconf 74' lang='lat'><strong><em>0⁸⁸.</em></strong></span> <span class='ocrx_word' id='word_1_897' title='bbox 339 5663 459 5719; x_wconf 81' lang='lat' dir='ltr'><strong><em>tecundo</em></strong></span> <span class='ocrx_word' id='word_1_898' title='bbox 471 5679 535 5720; x_wconf 84' lang='lat' dir='ltr'><strong><em>reto</em></strong></span> <span class='ocrx_word' id='word_1_899' title='bbox 547 5665 605 5722; x_wconf 93' lang='lat' dir='ltr'><strong><em>loco</em></strong></span> <span class='ocrx_word' id='word_1_900' title='bbox 616 5668 657 5722; x_wconf 83' lang='lat' dir='ltr'><strong><em>rel</em></strong></span> <span class='ocrx_word' id='word_1_901' title='bbox 673 5670 745 5741; x_wconf 83' lang='lat' dir='ltr'><strong><em>utba,</em></strong></span> <span class='ocrx_word' id='word_1_902' title='bbox 763 5673 806 5730; x_wconf 84' lang='lat' dir='ltr'><strong><em>vel</em></strong></span> <span class='ocrx_word' id='word_1_903' title='bbox 819 5674 926 5747; x_wconf 85' lang='lat' dir='ltr'><strong><em>bipeda,</em></strong></span> <span class='ocrx_word' id='word_1_904' title='bbox 980 5687 1098 5734; x_wconf 84' lang='lat' dir='ltr'><strong><em>nomast</em></strong></span> <span class='ocrx_word' id='word_1_905' title='bbox 1111 5678 1210 5734; x_wconf 83' lang='lat' dir='ltr'><strong><em>nuatum</em></strong></span> <span class='ocrx_word' id='word_1_906' title='bbox 1226 5693 1301 5743; x_wconf 89' lang='lat' dir='ltr'><strong><em>esse,</em></strong></span> <span class='ocrx_word' id='word_1_907' title='bbox 1317 5695 1377 5734; x_wconf 84' lang='lat' dir='ltr'><strong><em>mor</em></strong></span> <span class='ocrx_word' id='word_1_908' title='bbox 1396 5680 1468 5735; x_wconf 83' lang='lat' dir='ltr'><strong><em>ilium</em></strong></span> <span class='ocrx_word' id='word_1_909' title='bbox 1484 5695 1591 5752; x_wconf 88' lang='lat' dir='ltr'><strong><em>quoque</em></strong></span> <span class='ocrx_word' id='word_1_910' title='bbox 1606 5682 1708 5753; x_wconf 86' lang='lat' dir='ltr'><strong><em>opinari</em></strong></span> <span class='ocrx_word' id='word_1_911' title='bbox 1724 5698 1774 5738; x_wconf 86' lang='lat' dir='ltr'><strong><em>ne·</em></strong></span> 
     </span>
     <span class='ocr_line' id='line_1_60' title="bbox 134 5755 1776 5848; baseline 0.013 -35"><span class='ocrx_word' id='word_1_912' title='bbox 134 5758 179 5815; x_wconf 84' lang='lat' dir='ltr'><strong><em>rel</em></strong></span> <span class='ocrx_word' id='word_1_913' title='bbox 193 5758 329 5828; x_wconf 87' lang='lat' dir='ltr'><strong><em>accidens,</em></strong></span> <span class='ocrx_word' id='word_1_914' title='bbox 346 5757 388 5815; x_wconf 86' lang='lat' dir='ltr'><strong><em>ret</em></strong></span> <span class='ocrx_word' id='word_1_915' title='bbox 411 5755 539 5829; x_wconf 91' lang='lat' dir='ltr'><strong><em>quidquid</em></strong></span> <span class='ocrx_word' id='word_1_916' title='bbox 558 5759 715 5823; x_wconf 79' lang='grc' dir='ltr'><strong>εεεειεειιιε</strong></span> <span class='ocrx_word' id='word_1_917' title='bbox 733 5767 857 5827; x_wconf 88' lang='lat' dir='ltr'><strong><em>accidere</em></strong></span> <span class='ocrx_word' id='word_1_918' title='bbox 876 5783 928 5845; x_wconf 90' lang='lat' dir='ltr'><strong><em>po·</em></strong></span> <span class='ocrx_word' id='word_1_919' title='bbox 979 5787 1055 5830; x_wconf 88' lang='lat' dir='ltr'><strong><em>cesse</em></strong></span> <span class='ocrx_word' id='word_1_920' title='bbox 1068 5772 1149 5828; x_wconf 86' lang='lat' dir='ltr'><strong><em>estid</em></strong></span> <span class='ocrx_word' id='word_1_921' title='bbox 1163 5771 1235 5843; x_wconf 90' lang='lat' dir='ltr'><strong><em>quod</em></strong></span> <span class='ocrx_word' id='word_1_922' title='bbox 1248 5773 1345 5828; x_wconf 90' lang='lat' dir='ltr'><strong><em>bonum</em></strong></span> <span class='ocrx_word' id='word_1_923' title='bbox 1360 5783 1401 5831; x_wconf 86' lang='grc' dir='ltr'><strong><em>εει</em></strong></span> <span class='ocrx_word' id='word_1_924' title='bbox 1414 5775 1512 5831; x_wconf 88' lang='lat' dir='ltr'><strong><em>bonurn</em></strong></span> <span class='ocrx_word' id='word_1_925' title='bbox 1527 5789 1580 5831; x_wconf 91' lang='lat' dir='ltr'><strong><em>non</em></strong></span> <span class='ocrx_word' id='word_1_926' title='bbox 1594 5789 1668 5832; x_wconf 86' lang='lat' dir='ltr'><strong><em>esse.</em></strong></span> <span class='ocrx_word' id='word_1_927' title='bbox 1681 5773 1776 5848; x_wconf 82' lang='lat' dir='ltr'><strong><em>Neque</em></strong></span> 
     </span>
    </p>
   </div>
   <div class='ocr_carea' id='block_1_5' title="bbox 135 5854 1777 5954">
    <p class='ocr_par' dir='ltr' id='par_1_7' title="bbox 135 5854 1777 5954">
     <span class='ocr_line' id='line_1_61' title="bbox 135 5854 1777 5954; baseline 0.018 -58"><span class='ocrx_word' id='word_1_928' title='bbox 135 5854 198 5907; x_wconf 70' lang='grc' dir='ltr'><strong><em>ωε.</em></strong></span> <span class='ocrx_word' id='word_1_929' title='bbox 978 5860 1140 5923; x_wconf 82' lang='lat' dir='ltr'><strong><em>animaliter</em></strong></span> <span class='ocrx_word' id='word_1_930' title='bbox 1152 5864 1250 5925; x_wconf 88' lang='lat' dir='ltr'><strong><em>maiuru</em></strong></span> <span class='ocrx_word' id='word_1_931' title='bbox 1263 5878 1323 5924; x_wconf 84' lang='lat' dir='ltr'><strong><em>csse</em></strong></span> <span class='ocrx_word' id='word_1_932' title='bbox 1344 5876 1443 5954; x_wconf 86' lang='lat' dir='ltr'><strong><em>potest,</em></strong></span> <span class='ocrx_word' id='word_1_933' title='bbox 1463 5867 1516 5927; x_wconf 85' lang='lat' dir='ltr'><strong><em>nisi</em></strong></span> <span class='ocrx_word' id='word_1_934' title='bbox 1533 5867 1634 5930; x_wconf 80' lang='lat' dir='ltr'><strong><em>bonon</em></strong></span> <span class='ocrx_word' id='word_1_935' title='bbox 1652 5882 1708 5929; x_wconf 91' lang='lat' dir='ltr'><strong><em>non</em></strong></span> <span class='ocrx_word' id='word_1_936' title='bbox 1727 5869 1777 5938; x_wconf 86' lang='lat' dir='ltr'><strong><em>rit,</em></strong></span> 
     </span>
    </p>
   </div>
   <div class='ocr_carea' id='block_1_6' title="bbox 0 0 1984 6180">
    <p class='ocr_par' dir='ltr' id='par_1_8' title="bbox 0 0 1984 6180">
     <span class='ocr_line' id='line_1_62' title="bbox 0 0 1984 6180; baseline 0 0"><span class='ocrx_word' id='word_1_937' title='bbox 0 0 1984 6180; x_wconf 95' lang='lat' dir='ltr'><strong><em> </em></strong></span> 
     </span>
    </p>
   </div>
  </div>
 </body>
</html>
