3946 6186
159 344 225 401 teat
652 340 810 399 ottobon
830 342 1000 398 PURUETAE
1020 345 1275 404 conuenienti.
1716 347 1787 405 {298

158 460 312 521 teutiarum,
336 458 383 524 ita,
396 460 462 515 sicut
480 474 549 512 urruc
564 456 680 511 breuiter
700 453 830 514 dicemus,
847 456 948 522 cogite·
962 457 984 512 Α
1000 457 1078 516 citur,
1093 471 1144 524 qua
1159 456 1246 516 Pater,
1264 457 1378 525 qualiter
1392 455 1418 509 iu
1434 456 1644 523 praecedentibus
1657 460 1785 528 diximus,

158 544 228 595 ιιιιιε,
249 544 281 584 ex
295 528 350 584 Deo
361 531 467 599 quidem
481 530 559 584 Patri
570 524 666 580 Filium
678 523 760 577 Deum
772 525 943 587 processisse,
999 524 1067 577 alius
1082 540 1096 578 a
1114 525 1219 584 Filiuet
1232 526 1332 593 Spiritu
1346 535 1438 579 sancto
1451 535 1503 590 est,
1515 539 1696 597 persotta'est,
1708 531 1786 587 aimi-

159 608 187 655 θ,
201 614 235 654 0¹
253 600 372 669 mgisque
390 601 552 667 processisse
567 595 694 664 Spiritum
708 601 827 647 sanctum
843 591 943 644 uauu:
999 593 1058 647 liter
1073 604 1098 649 et
1114 594 1209 659 Filius,
1224 604 1251 649 ει
1266 595 1380 664 Spiritus
1395 604 1517 658 sauctus,
1539 595 1637 651 idcirco
1652 598 1740 665 Pater,
1758 607 1787 657 et

158 669 307 737 cogitemus
328 670 451 724 uidelicet
474 670 521 720 boa
540 666 649 720 minime
672 662 737 718 locis
757 660 868 716 distare.
880 660 946 725 Qum
999 662 1090 728 Filius,
1101 674 1127 719 ct
1138 663 1253 733 Spiritus
1264 670 1383 731 sanctus',
1394 666 1512 720 omnium
1522 681 1574 720 trun
1587 677 1640 721 tres
1651 677 1783 736 auctores,

159 739 252 806 utiquo
277 749 348 793 rocta
376 749 417 793 est
444 737 586 805 cogitatio,
610 733 735 801 quoniam
764 731 946 797 incorporales
998 733 1129 788 sedunus
1148 736 1222 789 solus
1243 744 1336 790 auctor
1353 748 1432 799 sunt;
1448 750 1497 790 nec
1513 738 1561 789 tria
1577 737 1721 804 principia,
1736 739 1784 796 aad

159 816 222 864 sunt
234 826 241 862 t
253 809 376 878 quoniam
389 823 464 869 vero,
477 807 579 860 scilicet
592 802 663 871 qood
677 800 756 856 Pater
771 810 812 855 est
827 800 907 865 Ueus,
919 809 946 854 et
998 816 1079 856 unum
1092 804 1178 858 solum
1192 805 1349 873 principium
1363 820 1370 864 ;
1386 819 1438 857 nttn
1456 819 1520 858 uero
1536 806 1614 859 simul
1627 822 1721 864 ornnes
1733 823 1787 865 una

160 878 245 934 Filius
255 889 295 932 est
311 879 390 942 Ueus,
403 886 430 932 ει
441 877 555 941 Spiritus
566 881 673 928 sanctus
685 880 725 926 εει
740 872 811 926 Ueus
822 869 863 939 (ιιι
901 868 945 939 lc),
1000 886 1124 939 persona,
1137 874 1183 929 sed
1199 886 1254 929 tres
1268 888 1400 941 personae.
1416 875 1451 928 Ειι
1465 875 1506 929 bis
1519 875 1624 941 qaudam
1638 877 1785 934 rationibus

160 950 318 1020 cogitemus,
334 947 402 999 Ueus
417 961 480 998 uero
493 946 578 998 nullas
592 940 702 996 omuino
716 954 803 1010 neque
817 940 877 994 sim‘
892 940 946 994 ium
999 942 1172 1010 intelligimus
1185 946 1217 997 de
1233 944 1321 1007 Patre,
1336 952 1363 996 ει
1379 943 1445 996 Filio
1458 957 1517 1005 suo,
1531 956 1558 998 et
1571 946 1709 1001 aurborruo
1725 947 1787 1018 spt-

161 1033 248 1084 aeque
270 1017 438 1070 dissimilium
465 1015 643 1069 essentiarum
668 1011 747 1065 babet
770 1008 946 1074 differentias,
1000 1011 1061 1068 ritu.
1084 1016 1269 1067 anctoritatem
1285 1023 1365 1081 atque
1383 1013 1618 1083 principalitatem,
1633 1030 1684 1070 non
1698 1017 1787 1085 plura·

160 1087 256 1154 quibus
270 1085 374 1140 diderat
388 1101 403 1140 a
418 1086 472 1138 Uco
486 1103 493 1139 ε
507 1084 620 1147 εειιιεει,
631 1080 674 1136 rel
688 1081 757 1134 Uetus
772 1080 851 1134 Pater
863 1094 879 1134 a
891 1078 947 1133 er
1000 1081 1074 1145 liter,
1100 1082 1147 1137 sed
1172 1084 1342 1153 singulariter
1368 1083 1505 1150 praedicari
1519 1125 1526 1144 ,
1551 1085 1653 1140 scilicet
1677 1096 1789 1156 propter

161 1157 242 1220 gaggu
258 1157 298 1211 geg
313 1156 382 1218 ἰάθη,
398 1155 468 1210 [regg
481 1155 587 1209 pacoro
602 1152 656 1206 er
667 1150 766 1220 Spiritu
781 1157 890 1230 sancto;
905 1149 946 1203 uel
999 1151 1133 1220 essentiae,
1150 1153 1295 1207 secundum
1310 1153 1435 1220 quamde
1450 1153 1503 1207 ittts
1519 1152 1653 1217 dicuutur,
1669 1155 1786 1226 siugula-

162 1227 231 1281 Ueus
246 1225 331 1281 Filius
342 1241 357 1279 a
368 1226 423 1281 Uen
434 1224 534 1292 Spiritu
549 1230 652 1278 sancto.
666 1219 769 1275 Sensus
781 1237 787 1271 :
800 1229 948 1287 cogitemus
1001 1222 1119 1276 ritatem.
1143 1222 1362 1277 Personalitatcm
1386 1237 1449 1277 reru
1473 1234 1594 1287 econtra,
1612 1224 1639 1279 id
1660 1236 1711 1289 eat,
1732 1241 1786 1281 non

159 1297 229 1367 quoq
246 1295 359 1366 quilibet
372 1298 476 1349 triuma
493 1293 567 1348 nullo
581 1306 684 1354 corum,
700 1304 796 1359 eoquo
811 1289 860 1356 ipsi
874 1296 947 1355 sunt,
1000 1292 1169 1360 singulariter
1182 1293 1215 1347 de
1229 1293 1279 1346 illis
1293 1292 1422 1353 collectis,
1436 1291 1483 1346 sed
1498 1293 1635 1362 pluraliter
1654 1294 1787 1366 dietpur-

160 1366 259 1421 dillert.
282 1365 438 1434 Ubicunque
460 1379 525 1418 vcro
545 1363 640 1416 absunt
655 1359 805 1429 huiusmodi
823 1357 948 1413 dibereu-
1001 1370 1060 1430 pter
1081 1363 1272 1431 proprietatum
1290 1361 1402 1426 scilicet,
1414 1361 1509 1430 quibua
1532 1378 1546 1417 a
1567 1377 1596 1419 se
1614 1365 1727 1421 inuicem
1741 1366 1786 1420 alii

161 1438 215 1501 tie,
233 1435 308 1490 abest
332 1436 386 1500 illa,
402 1451 461 1502 que
481 1431 627 1488 secundum
648 1444 740 1484 earnm
766 1428 947 1483 diversitatem
1001 1440 1073 1498 sunt,
1086 1432 1279 1487 diversitatem.
1295 1432 1369 1487 Unde
1389 1442 1460 1486 recte
1478 1431 1605 1502 iulercus,
1618 1435 1654 1488 ait
1667 1451 1675 1490 z
1688 1434 1745 1490 ltai
1775 1465 1787 1477 ·

161 1506 232 1561 solet
243 1519 302 1559 esse
314 1504 463 1574 pluralitas.
476 1502 526 1558 Ubi
537 1510 626 1557 autem
637 1499 713 1554 abest
727 1500 784 1553 bec
798 1498 947 1567 pluralitas,
1001 1511 1054 1565 tur,
1071 1501 1095 1553 id
1111 1511 1154 1556 εει
1166 1517 1213 1571 per
1230 1503 1287 1555 bace
1307 1501 1475 1555 manifestum
1489 1505 1612 1573 estquod
1625 1450 1785 1568 suisnarii,

78 1580 85 1593 ¹
161 1574 237 1630 adest
252 1576 376 1630 esseutiae
397 1575 570 1643 unitas,qua
594 1571 717 1626 essentiae
741 1569 843 1623 unitate
866 1582 949 1622 unus·
1001 1587 1060 1639 qum
1074 1569 1166 1625 Graece
1187 1574 1259 1626 οὐσία
1279 1572 1387 1637 dicitur,
1407 1573 1525 1626 continet
1545 1573 1725 1635 natitatemid
1744 1585 1787 1632 εει

161 1646 274 1716 quisque
287 1659 380 1700 eorum
395 1646 439 1714 qui
451 1654 492 1698 εει
505 1656 547 1705 ει,
559 1649 587 1697 ει
596 1641 676 1696 etiam
692 1640 779 1693 omnis
793 1638 874 1691 simul
886 1644 950 1693 suut
1001 1642 1062 1695 lacit
1075 1648 1104 1694 ut
1117 1641 1205 1706 Pater,
1219 1650 1247 1695 et
1260 1640 1353 1706 Filius,
1369 1650 1396 1695 et
1415 1642 1528 1710 Spiritus
1542 1652 1650 1698 sauctus
1661 1645 1716 1699 sint
1728 1645 1784 1712 ipsa

163 1715 249 1769 rmius⁴
265 1715 379 1785 ideoque
391 1723 419 1771 et
434 1714 513 1768 Pater
527 1720 568 1768 est
581 1726 650 1766 unus
672 1709 751 1770 [ιειιε.
768 1717 794 1762 ει
810 1708 894 1762 Filius
907 1716 949 1764 eat
1001 1714 1116 1766 csseutia
1133 1727 1141 1766 :
1157 1718 1185 1765 ει
1203 1711 1262 1780 ejus
1282 1712 1464 1780 singularitate
1486 1712 1555 1767 Deus
1576 1729 1656 1774 uuus,
1676 1728 1788 1786 magnas

162 1801 231 1839 tanus
257 1786 336 1843 Ueus.
357 1795 383 1841 et
404 1785 519 1854 Spiritus
543 1789 651 1837 sauctus
671 1794 738 1833 uirus
758 1787 798 1832 εει
814 1778 884 1832 orus
899 1794 905 1829 z
922 1786 950 1832 ει
964 1807 988 1865 B
1002 1795 1080 1844 uotis,
1100 1780 1185 1834 bouus
1200 1796 1277 1843 uuus,
1293 1790 1321 1836 ει
1336 1781 1596 1852 subeundumque
1615 1782 1658 1838 bia
1671 1798 1732 1852 quea
1744 1798 1788 1841 εε-

162 1855 242 1911 Pater
262 1864 289 1910 et
311 1855 391 1911 iilius
405 1863 433 1910 ει
453 1853 569 1924 Spiritus
586 1860 694 1907 sanctus
713 1848 802 1912 simul,
824 1863 878 1903 non
897 1849 947 1903 nisi
1001 1850 1116 1904 cundum
1136 1852 1281 1905 essentiam
1303 1851 1491 1920 predicantur,
1508 1851 1631 1920 domiuus
1645 1867 1723 1919 uuus,
1736 1866 1787 1909 au·

163 1940 231 1981 untrs
247 1926 327 1980 Ueus.
1001 1931 1058 1976 ctor
1069 1935 1147 1984 unus,
1161 1922 1318 1988 principium
1333 1936 1425 1975 utrum.
1438 1921 1541 1976 llelatio
1552 1938 1618 1977 vcro
1628 1922 1788 1992 mutliplicat

199 1995 274 2049 Nilu'l
291 1992 385 2065 utitem]
405 1993 507 2061 Quasi:
530 1991 579 2048 Ubi
604 1990 680 2045 abest
702 1988 849 2054 pluralitas.
874 1986 950 2042 adest
1001 1992 1158 2056 trinitatem,
1172 1990 1199 2045 id
1212 1999 1253 2045 εει
1264 2006 1311 2046 cos
1324 1991 1369 2061 qui
1386 1995 1508 2046 esseutiae
1527 1993 1708 2075 singularitate
1724 2001 1788 2049 sunt

166 2069 265 2120 unitas.
285 2070 314 2120 ln
329 2064 472 2118 bisantem
488 2064 522 2118 de
536 2061 633 2129 quibus
645 2074 716 2114 truttc
729 2073 818 2113 sermo
831 2068 881 2126 est,
897 2073 949 2111 nou
1002 2076 1089 2115 uuus:
1107 2061 1265 2115 relationum
1286 2077 1345 2130 qua·
1365 2060 1399 2116 de
1418 2061 1512 2116 eodem
1527 2061 1579 2116 diet
1594 2079 1647 2117 nou
1663 2072 1784 2131 ptr-suut,

163 2144 204 2190 est
216 2136 325 2189 omuino
339 2135 388 2188 alia
403 2135 501 2194 turritas,
519 2133 568 2185 uisi
583 2147 641 2195 ortu
657 2139 699 2185 est
718 2145 750 2183 ex
768 2127 951 2197 singularitate
1001 2131 1155 2185 diversitate
1166 2129 1228 2184 iacit
1240 2145 1287 2186 cos
1300 2131 1406 2188 multos.
1419 2140 1446 2185 ει
1460 2132 1613 2199 specialiter
1625 2142 1688 2186 tres.
1700 2137 1787 2200 Atque

163 2205 321 2259 diuinitatis.
336 2205 400 2258 Nam
414 2220 447 2259 ex
464 2204 518 2257 er
538 2202 603 2256 nillil
623 2201 694 2255 aliud
715 2199 740 2268 gi
761 2202 785 2252 ui
802 2198 888 2267 potuit
899 2197 950 2252 uisi
1002 2201 1071 2264 ideo,
1083 2203 1207 2269 queniam
1228 2202 1329 2256 scillcet
1345 2200 1463 2256 rationes
1481 2216 1546 2271 quas
1558 2201 1592 2256 de
1606 2203 1720 2258 dirersis
1733 2201 1786 2259 dici

166 2275 246 2330 bens.
262 2276 311 2341 Qui
326 2284 413 2329 tamen
427 2289 441 2327 a
456 2274 534 2327 Patre
547 2287 596 2327 uec
606 2282 648 2326 εει
661 2270 728 2323 alius
739 2215 810 2323 Ueris
823 2270 949 2336 neeipse,
1003 2285 1112 2325 neccsse
1125 2278 1177 2333 εει,
1197 2270 1294 2325 iaciunt
1314 2270 1423 2334 maritos,
1439 2270 1494 2325 sola
1515 2272 1559 2325 illa
1580 2272 1786 2340 praedicamenta

165 2360 214 2399 uec
230 2345 264 2398 ab
277 2353 390 2412 utroque
407 2344 552 2412 procedere
567 2341 661 2410 potuit,
680 2339 731 2394 uisi
746 2339 827 2393 Usus.
842 2339 894 2402 Qui
912 2345 952 2391 ta·
1002 2356 1061 2406 ιιιιιε
1081 2340 1223 2395 ιιιιιιιειιιιε
1246 2341 1383 2395 relationis
1397 2351 1469 2404 sont,
1485 2341 1654 2410 proleruutur
1669 2342 1789 2410 singilla-

163 2430 224 2468 meo
238 2429 287 2469 nec
299 2413 368 2468 alius
378 2414 411 2468 ab
422 2414 462 2469 eis
473 2413 544 2466 Ueus
554 2419 604 2478 εει,
617 2425 666 2465 occ
680 2409 740 2476 ipsi.
755 2409 949 2462 Diciturautem
1003 2412 1050 2465 titu
1066 2418 1145 2479 atque
1159 2414 1312 2478 separatim,
1333 2412 1357 2464 id
1376 2422 1429 2475 cst,
1447 2412 1481 2465 de
1504 2425 1556 2480 quo
1576 2410 1674 2466 dicitur
1694 2426 1786 2481 tautam,

164 2484 245 2550 Deus,
262 2485 342 2548 Deus,
359 2484 439 2550 Deus,
456 2482 644 2537 distributione
656 2479 764 2549 quidem
784 2478 891 2533 illorum
907 2478 950 2542 qui
1003 2496 1055 2534 uun
1069 2481 1165 2535 dicitur
1177 2479 1257 2535 aliud.
1271 2481 1334 2534 b'aut
1348 2495 1401 2534 raon
1415 2490 1456 2534 cst
1469 2481 1538 2536 idem
1550 2480 1629 2537 Pater
1637 2483 1680 2552 qui
1692 2481 1786 2552 Filius,

164 2564 226 2608 suut
240 2556 327 2609 licus:
341 2555 401 2622 quia
417 2555 531 2622 primum
544 2553 579 2606 de
595 2553 684 2612 Patre,
701 2547 849 2604 secuudum
861 2547 895 2603 de
907 2547 952 2602 Fi·
1003 2552 1028 2604 id
1049 2561 1101 2613 est,
1117 2551 1162 2605 ille
1177 2551 1221 2620 qui
1237 2560 1277 2605 cst
1298 2552 1376 2605 Pater
1390 2566 1443 2606 nou
1458 2562 1499 2606 est
1513 2551 1612 2616 Filius3
1633 2562 1661 2606 ει
1680 2551 1725 2608 ille
1743 2555 1787 2623 qui

165 2625 212 2688 lio,
228 2625 333 2680 tertium
347 2624 380 2679 de
394 2625 495 2690 Spiritu
510 2631 603 2676 sancto
614 2620 721 2674 dicitur.
742 2618 807 2687 Eius
821 2632 886 2672 vcro
899 2633 952 2688 quo
1003 2632 1044 2676 εει
1055 2621 1138 2675 Filius
1152 2637 1204 2677 troo
1216 2629 1257 2676 est
1269 2621 1361 2687 Patcr3
1376 2637 1426 2681 nec
1442 2621 1512 2676 idem
1525 2622 1691 2691 uterqusqui
1705 2623 1788 2694 Spiri-

165 2702 229 2748 suut
242 2693 388 2762 Ueus‚non
403 2692 602 2754 distributione,
617 2690 663 2746 sed
677 2689 873 2744 distributionis
892 2688 952 2742 irni-
1003 2700 1046 2746 tus
1066 2702 1187 2756 sauctus;
1214 2706 1262 2745 ιιεε
1288 2692 1333 2746 ille
1357 2692 1403 2762 qui
1426 2702 1466 2746 εει
1492 2692 1583 2755 Pater,
1606 2701 1648 2748 est
1674 2693 1720 2746 ille
1741 2692 1789 2760 qui

166 2765 277 2830 tatione,
305 2779 364 2832 quae
389 2763 512 2831 proprius
538 2762 635 2816 dicitur
660 2760 783 2830 repetitio
810 2757 951 2823 unitatum,
1004 2770 1189 2830 utrorumque,
1206 2761 1231 2815 id
1245 2770 1296 2828 est,
1313 2762 1398 2817 Patris
1411 2762 1518 2823 dicitur,
1536 2771 1563 2817 et
1577 2762 1648 2830 Filii,
1664 2771 1692 2817 et
1703 2762 1789 2832 Spiri-

166 2848 245 2901 quam
261 2833 421 2887 distributio.
438 2834 503 2899 Quae
518 2832 641 2900 repetitio
659 2830 686 2884 in
705 2831 785 2884 rebus
801 2828 953 2883 numerabi·
1004 2841 1046 2886 tus
1060 2842 1182 2897 sanctus;
1198 2846 1246 2885 nec
1260 2831 1304 2886 ille
1323 2835 1367 2897 qul
1380 2842 1422 2886 est
1441 2831 1534 2896 Filius,
1546 2840 1588 2886 cst
1608 2833 1652 2888 ille
1672 2833 1729 2901 ipse
1742 2834 1787 2899 ιιιιι

167 2904 239 2956 ιιιιιε
264 2918 315 2957 nou
339 2902 402 2957 iai-it
425 2903 511 2957 morlia
533 2902 667 2966 omnibus,
691 2900 765 2954 nullo
789 2899 868 2954 modo
892 2900 953 2952 lacit
1004 2903 1090 2957 dictus
1101 2911 1142 2956 εει
1157 2901 1272 2969 Spiritus
1285 2911 1410 2967 sanutus3
1426 2916 1476 2957 nec
1491 2902 1536 2957 ιιιε
1551 2903 1689 2958 ιιιιιιοιιιιιι
1703 2902 1789 2972 Spiri-

167 2973 345 3042 pluralitatem
356 2986 449 3026 eornm
462 2987 521 3040 quae
536 2979 703 3041 repetuntur.
1004 2981 1047 3027 tus
1061 2981 1168 3026 sauctus
1181 2981 1222 3026 εει
1236 2972 1330 3041 aliquis
1346 2972 1451 3025 illorum
1470 2987 1484 3025 a
1499 2972 1595 3041 quibus
1618 2973 1745 3037 procedit,
1760 2970 1788 3028 td

202 3043 292 3097 Trium
313 3042 399 3113 igitar]
417 3042 497 3109 Quasi
516 3038 756 3109 :Quandoquidem
772 3038 854 3106 Deus,
870 3037 951 3106 Ueus,
1004 3050 1056 3107 εει,
1069 3056 1119 3096 uec
1133 3052 1175 3096 est
1187 3042 1275 3108 Pater,
1292 3056 1341 3096 uec
1355 3040 1447 3096 Filius.
1465 3042 1578 3096 Tantum
1599 3043 1686 3107 Pater,
1702 3050 1730 3098 ει
1743 3042 1788 3099 ιιι·

167 3113 248 3177 ιιειιε,
265 3115 370 3168 illorum
383 3113 490 3179 quidem
507 3112 553 3181 qui
572 3121 634 3166 suut
650 3109 720 3164 bens
732 3107 884 3164 distributio
899 3119 951 3175 est,
1004 3113 1067 3176 lius,
1080 3121 1106 3166 et
1118 3111 1350 3180 Spiritustsauctus
1362 3122 1421 3166 sum
1434 3111 1502 3166 idem
1517 3112 1596 3177 Deus,
1609 3112 1677 3167 idem
1689 3113 1788 3182 justus,

167 3184 227 3254 ejus
248 3198 312 3238 aero
331 3197 384 3252 quo
403 3191 465 3236 suut
479 3181 550 3235 Ueus
571 3181 695 3250 repetitio
711 3196 718 3232 ι
732 3179 811 3247 igitur
823 3180 914 3244 trium,
928 3174 989 3237 idC
1006 3183 1077 3237 idern
1091 3183 1187 3246 bouus,
1202 3182 1272 3236 idem
1290 3197 1410 3252 maguus.
1423 3182 1538 3252 denique
1553 3182 1623 3237 idem
1637 3182 1727 3238 omnia
1742 3182 1790 3239 itta

166 3263 208 3308 εει
222 3253 318 3316 eous,
333 3261 361 3308 ει
375 3251 446 3318 Filii,
460 3262 485 3306 et
502 3251 617 3320 Spiritus
632 3249 727 3311 sancti.
742 3249 838 3305 idonce
852 3252 951 3305 consti·
1002 3267 1061 3323 que
1083 3252 1228 3307 secuudum
1253 3266 1282 3306 εε
1307 3263 1430 3319 poterunt
1453 3251 1591 3320 predicari
1611 3271 1617 3304 :
1637 3255 1671 3307 ita
1693 3252 1790 3323 plurali

168 3333 221 3378 tuta
236 3333 276 3378 εει
290 3323 416 3378 essentie
430 3324 527 3376 unitas.
550 3319 602 3375 Sed
623 3319 747 3389 quoniam
766 3320 838 3373 nulla
857 3318 952 3374 relatio
1004 3323 1086 3378 verbo
1103 3322 1194 3376 debuit
1213 3321 1312 3386 dicere,
1334 3333 1410 3387 sum,
1433 3323 1558 3392 quoniam
1582 3322 1620 3376 illi
1640 3321 1674 3378 de
1694 3323 1792 3391 quibua

169 3403 254 3460 potest
268 3393 300 3447 ad
313 3394 429 3462 seipsam
449 3391 551 3450 relerri.
568 3390 595 3444 id
610 3397 662 3452 est,
683 3394 808 3458 quoniam
825 3390 894 3445 nulla
909 3403 953 3443 re·
1003 3408 1081 3447 unam
1101 3392 1244 3447 essentiam
1263 3400 1302 3447 tot
1322 3393 1484 3458 nouriurbus,
1501 3391 1593 3457 idest,
1610 3393 1678 3448 Ueus
1691 3393 1788 3469 bonas.

168 3466 266 3519 latione
286 3463 384 3532 aliquid
406 3464 439 3516 ad
461 3477 491 3517 se
510 3468 597 3531 potest
611 3460 718 3524 referri,
732 3459 779 3515 sed
798 3474 905 3528 semper
918 3459 951 3513 ad
1003 3477 1124 3533 maguus,
1148 3462 1319 3532 predicabat,
1344 3463 1504 3517 relationum
1525 3462 1680 3518 diversitate
1700 3463 1791 3531 plures

167 3535 255 3598 aliud,
270 3533 371 3588 ideirco
385 3533 454 3602 quod
474 3547 503 3587 ea
522 3530 676 3601 praedicatio
691 3547 750 3594 quse
764 3529 893 3585 relations
906 3543 951 3583 ca·
1002 3545 1074 3589 strat.
1084 3534 1153 3588 Dixit
1165 3543 1262 3593 tarueu,
1274 3533 1403 3594 est,verbi
1413 3533 1596 3603 singularitate
1607 3533 1790 3600 'catemariam

168 3614 218 3670 ret,
243 3603 268 3658 ld
290 3613 331 3659 εει
351 3618 402 3673 qua
424 3618 476 3658 nou
496 3606 610 3657 retertur
627 3600 659 3655 ad
675 3600 785 3669 atiqutd.
807 3600 951 3656 secundant
1003 3619 1081 3674 quam
1104 3603 1277 3673 predicabat,
1301 3604 1413 3657 metiens
1436 3603 1574 3658 unitatem.
1596 3548 1646 3669 Uni
1666 3601 1791 3673 loquendi

167 3675 281 3744 seipsam
297 3683 349 3734 est,
365 3674 432 3728 iacta
449 3672 555 3741 quidem
571 3680 613 3726 εει
627 3671 671 3725 illa
685 3687 744 3739 quae
758 3669 856 3725 dicitur
866 3671 954 3726 Trioi·
1003 3690 1068 3729 usus
1077 3689 1149 3740 saepe
1163 3673 1190 3727 ιιι
1203 3674 1316 3726 bumana
1329 3677 1422 3743 pagiua
1434 3673 1568 3728 inuenitur
1581 3690 1586 3724 :
1601 3683 1630 3727 ut
1642 3671 1689 3727 ιιιε
1701 3686 1791 3730 aman·

169 3747 239 3803 tatis,
252 3746 303 3798 boc
313 3753 354 3798 est
365 3745 444 3798 trium
460 3742 650 3807 numerositas,
665 3742 690 3794 io
705 3757 749 3809 eo,
765 3741 789 3794 id
804 3751 845 3797 εει
858 3755 953 3796 secuu-
1005 3747 1081 3806 tium,
1099 3744 1289 3812 redintegratio
1303 3744 1402 3799 amoris
1414 3753 1465 3798 est.
1482 3745 1538 3797 Non
1553 3744 1589 3796 ait
1603 3753 1666 3798 sunt
1683 3742 1790 3811 plurali-

168 3815 231 3867 dum
245 3815 270 3868 id
283 3814 354 3883 quud
367 3824 409 3868 εει
423 3813 576 3881 predicato
592 3811 745 3874 relationis;
761 3820 869 3865 servata
889 3827 953 3867 rero
1004 3826 1055 3881 ter,
1068 3814 1137 3884 quod
1150 3823 1237 3868 tamen
1248 3814 1370 3880 deberet,
1381 3813 1505 3882 quoniam
1520 3827 1615 3867 nomeu
1630 3813 1701 3878 quod
1714 3813 1790 3870 verbi

168 3883 320 3936 earumdem
335 3885 423 3936 unitas
437 3882 464 3935 iu
480 3895 522 3945 eo,
539 3882 565 3935 id
579 3888 621 3936 εει
634 3881 780 3935 secundum
791 3880 817 3935 id
827 3880 898 3950 quod
912 3891 953 3937 est
1005 3899 1147 3954 personam
1163 3883 1282 3937 simulet
1298 3898 1437 3938 numerum
1459 3883 1534 3951 justa
1556 3882 1790 3951 grammaticorum

170 3950 345 4013 indifferentia
362 3952 486 4005 :scilicet
499 3952 540 4004 rel
560 3949 718 4004 substantiae
730 3950 818 4012 utrius,
834 3965 893 4020 quae
907 3953 955 4006 tri·
1006 3954 1123 4024 regulam
1144 3950 1308 4014 continebat,
1333 3952 1473 4020 pluraliter
1496 3954 1661 4020 praemiserat
1686 3952 1788 4020 dicens,

169 4023 220 4077 bus
236 4021 287 4076 illis
300 4020 413 4085 dicitur;
428 4021 469 4075 aci
485 4020 650 4090 operationis
669 4021 757 4083 unlus,
771 4034 831 4087 quae
845 4023 953 4089 etquali-
1006 4026 1061 4078 irae.
1076 4023 1129 4079 Sed
1141 4022 1178 4076 ait
1190 4020 1369 4088 singulariter,
1382 4029 1433 4086 εει,
1450 4031 1559 4090 propter
1571 4020 1649 4088 bajus
1662 4023 1789 4090 nominis,

170 4101 211 4146 ter
236 4090 286 4159 ipsi
311 4099 469 4158 operantum
494 4092 536 4146 rel
559 4090 668 4145 omuino
693 4089 871 4145 indifferentia
897 4091 954 4161 eius
1005 4093 1075 4163 quod
1095 4100 1138 4147 est
1156 4092 1355 4171 redintegratio,
1380 4091 1602 4159 singularitatem,
1616 4091 1686 4159 quod
1701 4101 1789 4149 tamen

171 4161 379 4232 predicationis,
397 4175 563 4230 quaecunque
581 4158 680 4214 dicitur
699 4158 845 4214 secuudum
869 4175 907 4225 εε,
929 4161 954 4216 id
1007 4178 1059 4218 rrnu
1074 4171 1184 4232 propter
1198 4159 1272 4216 rerba
1289 4174 1429 4227 personam
1445 4171 1472 4214 et
1493 4172 1645 4226 numerum,
1666 4162 1713 4215 aed
1730 4178 1790 4230 prn-

169 4241 211 4288 est
225 4248 275 4298 qua
298 4238 335 4285 uel
361 4234 436 4287 aricia
455 4233 510 4298 ipsa
529 4230 699 4300 predicatur,
714 4239 742 4284 ut
764 4229 843 4298 Ueus,
858 4231 898 4286 rel
912 4247 955 4286 ae·
1007 4244 1066 4302 pter
1080 4231 1236 4303 qualitatem
1251 4245 1304 4299 qua
1320 4229 1349 4284 ιιι
1363 4229 1566 4296 demonstratio,
1583 4234 1697 4292 positum
1712 4232 1791 4287 intel·

169 4303 284 4357 crtudum
298 4305 385 4357 abcisa
403 4302 539 4371 quodlibet
560 4309 613 4355 ctu
621 4301 727 4355 insecus
747 4300 887 4356 allixorum
903 4318 909 4354 :
927 4313 955 4356 ut
1006 4305 1103 4375 ligitur.
1120 4300 1250 4356 Similiter
1268 4299 1368 4355 dictum
1386 4309 1427 4356 εει
1441 4315 1449 4354 :
1461 4298 1556 4357 Umoia
1574 4299 1792 4368 emmanuet

170 4388 276 4440 semper
294 4387 362 4436 εεεε,
380 4374 420 4426 vel
444 4372 551 4442 ubique,
569 4373 608 4425 rel
629 4370 745 4441 operari.
760 4369 805 4426 Sic
819 4371 890 4425 cuim
905 4371 956 4426 lroc
1006 4373 1088 4429 mulla
1107 4371 1267 4442 lrujttsmodi.

170 4442 230 4496 locu
251 4442 422 4512 intelligenda
444 4453 484 4498 est
504 4439 649 4497 secuudum
668 4456 699 4497 se
720 4441 875 4508 predicatio
892 4441 954 4506 dici,
1043 4443 1131 4509 Saue,
1145 4440 1216 4512 etei
1228 4441 1299 4497 biait
1313 4440 1383 4511 quod
1398 4441 1477 4497 Pater
1492 4449 1521 4496 ει
1536 4441 1619 4495 lilius
1633 4451 1661 4497 ει
1674 4442 1792 4512 Spiritus

170 4528 221 4581 qua
236 4513 348 4577 scilicet,
362 4513 430 4566 sicut
444 4512 544 4566 dictum
559 4511 610 4576 εει,
625 4509 667 4565 vel
686 4511 741 4580 ipsa
762 4511 888 4577 essentia,
912 4513 955 4566 rot
972 4526 1125 4606 Dsanctus,
1138 4510 1284 4566 secundum
1297 4511 1322 4565 id
1332 4526 1386 4581 quo
1397 4521 1458 4566 aunt
1470 4512 1495 4566 id
1507 4512 1578 4580 quud
1591 4519 1671 4577 sunt,
1683 4515 1792 4569 omniuo

169 4583 315 4637 secundum
331 4597 389 4636 eam
411 4581 510 4652 aliquid
525 4581 695 4650 predicatur,
711 4581 768 4635 sive
783 4580 834 4635 boc
852 4594 953 4649 perse,
1010 4584 1079 4638 idem
1094 4591 1171 4645 sunt,
1188 4580 1275 4650 qualia
1290 4581 1531 4637 insubsistentiam
1546 4595 1643 4651 genere
1656 4583 1690 4636 ad
1704 4597 1734 4638 se
1749 4599 1793 4641 re·

171 4652 229 4707 site
243 4652 275 4708 ad
287 4653 359 4707 aliud
373 4652 477 4706 dicatur
496 4668 503 4708 :
520 4667 568 4720 per
582 4667 612 4706 se
627 4649 744 4720 quidem,
759 4653 827 4705 sicut
839 4651 884 4705 illa
897 4665 959 4720 quae
1009 4653 1071 4707 sarri
1092 4666 1145 4706 nou
1165 4660 1286 4720 possunt.
1307 4650 1478 4721 Quocunque
1496 4653 1567 4707 euim
1588 4653 1792 4710 subsistentium

172 4722 320 4790 posuimus,
335 4722 437 4777 scilicet
452 4736 560 4791 semper
573 4735 643 4785 esse,
659 4721 700 4775 ιει
716 4721 824 4789 ubique,
839 4721 881 4776 vel
895 4735 958 4790 ope·
1009 4724 1042 4776 ad
1057 4722 1212 4777 seinvicem
1229 4721 1391 4782 relernntur,
1407 4723 1448 4776 bis
1462 4723 1559 4792 quibus
1577 4732 1640 4776 sunt
1655 4723 1792 4782 differunt.

171 4794 240 4856 rari;
256 4792 290 4846 ad
311 4792 383 4846 aliud
405 4807 477 4854 uero,
499 4802 528 4846 ut
550 4791 696 4844 auctoritas
716 4799 742 4844 ct
766 4789 957 4857 principalitas,
1011 4793 1045 4848 Ut
1058 4802 1145 4846 tamen
1158 4791 1229 4859 quali
1243 4798 1329 4858 potest
1341 4790 1513 4850 similitudine
1528 4793 1579 4847 boe
1591 4792 1660 4862 quod
1673 4803 1714 4849 εει
1725 4793 1793 4851 ιιιει-

170 4878 230 4928 qrrae
242 4865 311 4916 sicut
324 4861 380 4928 ipsa
395 4862 510 4917 essentia
523 4860 716 4924 iudillereutcr,
731 4869 756 4914 ει
768 4860 827 4913 ideo
840 4860 958 4928 singula·
1011 4861 1090 4916 labile
1105 4860 1214 4926 innuat,
1229 4859 1333 4915 Patrem
1349 4861 1467 4929 scilicet,
1488 4871 1514 4918 ει
1534 4861 1648 4925 Filium,
1665 4872 1692 4917 ει
1709 4863 1794 4932 Spiri-

172 4934 236 4987 riter
247 4932 281 4988 de
293 4935 376 4986 tribus
387 4932 522 4987 dicuutur.
537 4932 602 4985 Nam
617 4942 644 4987 et
657 4929 838 4998 uotisquisque
853 4930 957 4986 illorum
1012 4942 1067 4986 tum
1090 4939 1230 4996 sanctum,
1254 4931 1299 5000 qui
1321 4946 1354 4986 eo
1375 4946 1428 5001 quo
1443 4944 1504 4987 sum
1519 4933 1590 4986 idem
1605 4943 1666 4986 sunt
1679 4935 1793 4991 divertit

171 5003 262 5064 trium,
284 5011 312 5056 ει
333 5017 427 5056 omnes
448 5001 528 5057 sintul
550 5010 612 5055 aurit
636 5001 755 5054 omnium
776 5008 958 5054 creaturarum
1010 5001 1183 5058 relationibus
1196 5000 1229 5054 ad
1243 5014 1272 5055 εε
1286 5000 1398 5064 ιειειιι,
1414 5003 1471 5062 ait:

172 5089 238 5126 arrius
252 5084 345 5127 auctor
360 5084 386 5125 et
402 5088 483 5126 uuum
503 5071 672 5140 principium.
689 5075 772 5135 Quam
792 5070 959 5125 auctoritatis
1048 5072 1132 5132 Sanc.
1153 5069 1219 5142 ete]
1238 5071 1337 5138 Quasi:
1359 5071 1452 5137 Pater,
1471 5087 1531 5126 cunr
1550 5087 1602 5142 quo
1621 5073 1703 5128 Filius
1723 5074 1792 5133 idem

170 5152 250 5211 atque
272 5142 474 5266 priucigalitatis
497 5140 714 5206 iudillercutiam,
729 5154 761 5193 ex
778 5143 868 5201 οὐσίας
887 5140 960 5208 ipso·
1012 5153 1072 5208 εει,
1089 5142 1249 5211 predicatur
1263 5141 1373 5197 relative
1387 5143 1419 5196 ad
1436 5141 1530 5197 ttttuu
1547 5144 1635 5200 Pater.
1649 5143 1728 5210 Quod
1742 5147 1795 5203 uti-

171 5227 241 5274 ruru,
264 5228 345 5267 secun
367 5227 411 5266 um
427 5227 506 5281 quam
527 5211 562 5266 de
582 5212 633 5266 illis
654 5209 841 5278 predicantur,
856 5210 960 5265 iudilic-
1012 5227 1063 5281 que
1079 5212 1270 5266 convenienter
1284 5220 1372 5281 potest
1388 5230 1394 5264 :
1413 5228 1473 5266 natu
1492 5227 1557 5268 sarie
1575 5215 1713 5269 sciendum
1736 5225 1793 5282 eal,

171 5285 269 5347 reatin,
284 5297 345 5338 esse
360 5291 495 5352 putamus.
512 5282 587 5338 Unde
606 5289 633 5337 et
651 5281 797 5336 secuudum
813 5282 960 5349 personali·
1012 5283 1092 5337 etiam
1107 5282 1133 5336 in
1147 5280 1228 5335 rebus
1241 5283 1338 5337 creatis
1351 5282 1566 5349 praedicationem
1580 5284 1728 5351 relativam,
1741 5301 1794 5356 qua

173 5354 235 5406 totis
246 5354 387 5416 rationem,
401 5368 462 5421 quae
476 5352 665 5421 proprietatum
679 5360 768 5404 secuta
783 5350 959 5406 differentiam
1013 5350 1118 5407 scilicet
1129 5349 1228 5419 aliquid
1242 5351 1335 5406 relerri
1349 5353 1511 5417 ostenditur,
1525 5367 1578 5407 nou
1591 5367 1697 5423 seraper
1713 5357 1793 5413 talem

172 5421 205 5476 dc
222 5437 381 5492 unoquoque
404 5424 508 5476 itanum
529 5437 580 5474 uon
596 5423 716 5483 relative,
730 5420 775 5474 sed
790 5435 836 5490 per
847 5435 877 5475 εε
890 5435 959 5489 prae·
1013 5435 1090 5485 esse,
1110 5429 1138 5474 ut
1160 5434 1266 5488 semper
1287 5421 1320 5474 ad
1339 5419 1445 5489 aliquod
1466 5431 1520 5476 tam
1540 5423 1647 5477 nomine
1665 5438 1745 5491 quarn
1764 5442 1795 5483 te

171 5492 285 5555 dicatur,
300 5493 409 5547 rumine
422 5493 464 5546 illa
476 5501 517 5547 est
532 5492 721 5552 iudillcrentia,
736 5499 765 5544 ut
778 5499 805 5545 ει
820 5491 961 5560 unusquis·
1013 5490 1139 5544 dillcreus
1154 5489 1324 5557 predicetur,
1340 5490 1444 5546 scilieet
1457 5502 1486 5545 ut
1500 5501 1542 5547 εει
1555 5505 1649 5547 εειιιιε
1661 5493 1695 5548 ad
1709 5492 1795 5551 donti-

172 5578 225 5630 que
248 5579 295 5633 per
309 5578 349 5628 εε,
365 5572 397 5616 ει
407 5574 461 5617 tres
479 5561 557 5616 sirnul
577 5570 639 5616 suut
661 5576 712 5614 una
736 5574 859 5628 persona.
883 5561 962 5616 l’ater
1014 5560 1246 5616 adnotamentis
1261 5560 1367 5613 uomina
1381 5572 1408 5614 ει
1422 5576 1466 5616 res
1479 5561 1531 5616 illis
1542 5562 1704 5632 stgutttcara,
1715 5565 1742 5620 td
1753 5578 1796 5623 εει
1816 5617 1820 5625 .

172 5647 288 5703 namque
309 5632 435 5701 quoniam
459 5632 529 5686 Deus
552 5641 610 5697 εει,
637 5640 818 5686 creaturarum
842 5629 960 5685 omnium
1014 5631 1126 5685 seruitus
1139 5635 1166 5682 et
1179 5628 1343 5693 dominium,
1360 5639 1387 5686 ει
1402 5631 1445 5685 illa
1460 5629 1602 5701 dequibus
1617 5633 1680 5702 ipsae
1695 5636 1795 5704 praedi.

172 5712 265 5766 auctor
280 5711 308 5759 ει
323 5701 480 5770 principium
496 5709 552 5764 est;
567 5701 690 5756 similiter
704 5707 733 5756 ει
751 5699 844 5765 Filius,
859 5708 887 5754 et
898 5699 960 5767 spi·
1014 5708 1123 5767 cantur,
1139 5697 1274 5754 differunt.
1298 5699 1350 5755 Sed
1367 5701 1454 5770 (sicut
1467 5701 1568 5757 dictum
1583 5706 1641 5772 eat)
1657 5718 1710 5759 non
1723 5720 1795 5763 sem·

172 5774 374 5832 rituasanctus.
389 5773 455 5838 Quia
469 5788 534 5827 reru
554 5773 623 5827 idem
647 5771 726 5827 Pater
745 5771 909 5842 proprietate
921 5771 962 5828 di·
1015 5785 1063 5840 per
1076 5770 1109 5827 ad
1124 5770 1173 5826 ιειιι
1187 5767 1313 5826 differens
1328 5772 1358 5824 ιιι
1372 5771 1489 5842 precatio
1501 5772 1611 5832 relativa
1624 5792 1629 5827 :
1640 5789 1701 5833 nam
1715 5789 1795 5835 omna
