3946 6186
245 281 313 336 tztb

646 270 678 328 td
698 268 826 329 ttondit
843 268 1008 338 QUOMODO
1028 266 1252 326 SUBSTlelAE
1274 264 1375 321 budAE
1396 264 1472 322 stat

1810 267 1883 326 13¹6

244 392 370 463 ospitem
387 396 514 461 possunt,
534 393 661 455 cognatos
688 395 749 437 esse
773 395 930 447 sermones;
957 391 983 435 et
1011 384 1033 434 si
1048 385 1071 442 A
1087 377 1208 441 rendam,
1224 376 1286 432 ideo
1300 377 1370 445 quod
1381 393 1433 433 nou
1448 375 1575 434 omatibus
1588 387 1680 459 notum
1701 379 1737 434 sit
1756 379 1810 463 iter
1831 382 1882 439 bu.

244 463 351 536 quando
362 460 532 532 proportione
543 454 656 509 rationis
677 451 790 521 alicuius
805 452 838 507 ad
853 467 912 507 eam
925 451 960 506 ab
975 450 1034 506 aliis
1084 448 1201 531 jusmodi
1220 449 1407 530 scriptionum,
1429 448 1454 504 id
1468 448 1780 531 es·t‚nonmulttsuntqur
1788 451 1882 534 ῥὸιω.

244 535 380 603 contingat
418 530 597 584 imonecesse
619 524 747 580 sitrerba
768 523 910 589 transumi,
925 523 1036 577 inextri·
1083 519 1329 588 Josmodiscrrbcre
1346 527 1545 586 consueverint,
1569 527 1615 574 aut
1638 527 1719 575 ettam
1743 523 1881 581 sentiendi

244 605 346 662 cabiles
360 573 501 656 admodum
527 597 690 664 questiones
716 603 856 663 prestare.
873 593 936 647 lime
956 594 1036 661 igitur
1086 591 1210 644 noverint
1225 589 1366 643 rationem.
1382 588 1448 643 Nam
1463 589 1512 645 etsi
1528 589 1596 656 bos,
1610 604 1679 659 quos
1693 605 1790 659 graves
1806 593 1881 650 locos

244 683 307 732 sunt
333 672 472 746 sapientia
483 670 509 723 in
523 667 641 737 qualibet
669 661 806 729 facultate,
819 663 867 719 sed
880 663 997 745 maxime
1008 663 1034 746 in

245 744 393 812 theologica
405 740 496 811 paucis
511 747 572 793 nota
583 745 697 800 secreta,
724 749 837 804 qnorum
862 749 923 802 quta
951 735 1035 814 glorta

245 814 385 885 dignitatis
407 823 573 868 summorum
601 809 680 861 etiam
707 804 927 874 philosophorum
955 803 1036 885 trabit

245 886 461 948 admirationem,
476 882 510 936 ab
524 879 590 949 ipsis
614 876 749 952 παράδοξα
769 885 900 956 vocantur
912 890 919 928 ε
932 885 962 957 ιει
973 888 1035 956 quta

246 963 374 1025 praestant
387 952 560 1023 quaestiones,
585 947 692 1017 quando
715 946 850 1002 translatis
875 946 1037 999 dictionibus

246 1023 597 1098 proponuntumipdldpem
610 1018 651 1073 vel
666 1021 840 1088 iibapaipara,
852 1016 903 1070 boc
916 1025 957 1097 εει
975 1030 1036 1096 pro·

246 1098 401 1166 positiones,
418 1095 552 1148 dicuntur,
577 1089 707 1154 Qrtbniant
734 1102 799 1142 ιειο
818 1088 875 1141 ltaec
903 1087 1037 1139 alliortn·

245 1167 391 1238 telligentia
408 1163 520 1232 percipit
534 1175 583 1229 per
597 1159 782 1214 exceltentiam
801 1155 958 1237 iddopo'iirr,
985 1155 1037 1210 boc

245 1247 287 1295 εει
298 1235 498 1302 conceptiones,
510 1230 681 1285 nominantur
697 1245 703 1279 ε
720 1228 811 1295 utique
823 1229 901 1297 longe
924 1229 1037 1280 diversae

245 1309 280 1363 ab
295 1308 347 1363 illis
357 1301 577 1372 conceptionibus
591 1313 650 1368 quae
674 1299 838 1378 lidopdparq
857 1297 1036 1378 appellantur.

245 1378 292 1435 Est
304 1378 373 1433 eninr
392 1373 525 1444 quoddam
543 1368 781 1439 argumentationis
793 1382 887 1438 genus,
911 1381 1036 1436 quoniam

245 1456 308 1504 ante
327 1445 525 1502 conclusionem
546 1442 620 1524 λόγος
644 1452 704 1520 cum
730 1440 810 1511 λόγῳ,
840 1437 866 1493 irl
890 1447 932 1493 est
950 1452 1038 1520 sermo

245 1533 305 1574 cum
321 1530 447 1572 sermone
456 1520 614 1581 assumptio,
642 1509 746 1564 scilicet
769 1524 828 1563 cum
853 1518 1037 1578 propositione

245 1586 417 1660 conjungitur
433 1603 440 1639 :
456 1584 569 1651 ideoque
584 1589 639 1636 tuta
651 1578 694 1633 itia
713 1579 801 1634 oratio
812 1579 992 1652 συλλογισμός.
1010 1578 1037 1632 id

1087 659 1227 724 vocabant,
1243 660 1299 714 suis
1326 661 1487 730 quandoque
1508 659 1677 716 orationibus
1703 663 1880 732 inseruerint,

1087 738 1116 784 ut
1126 730 1260 787 Socrates.
1281 740 1308 785 et
1318 729 1395 797 Cato,
1415 740 1442 786 et
1464 731 1509 786 alii
1535 730 1621 796 multi,
1652 730 1763 786 minime
1790 742 1882 791 umen

1089 801 1130 854 bis
1145 799 1292 855 tractandis
1305 816 1415 870 operam
1430 801 1539 857 dabant.
1555 801 1632 866 Quod
1657 816 1721 856 vero
1736 804 1789 858 boc
1814 807 1882 861 scri-

1087 872 1207 941 ptionum
1220 872 1269 925 iter
1280 871 1372 942 paucis
1389 873 1537 938 notumsit,
1553 880 1580 927 et
1595 881 1621 928 ιε
1640 886 1703 927 ιειε
1721 875 1882 942 attendisse,

1086 950 1114 997 ct
1126 956 1185 996 earn
1197 941 1289 1005 etiam,
1305 957 1339 997 ne
1352 957 1400 996 usu
1415 941 1561 1010 communi,
1571 942 1594 996 si
1607 942 1737 998 sciliceta
1760 945 1883 1012 pluribus

1088 1011 1239 1082 hujusmodi
1255 1021 1445 1076 tractarentur,
1462 1014 1633 1079 vilescerent,
1656 1021 1710 1068 tam
1729 1015 1810 1071 valde
1827 1019 1883 1085 pia-

1088 1083 1320 1151 coisse,e1empla
1336 1092 1379 1136 tua
1390 1083 1484 1147 adme,
1501 1083 1569 1138 otde
1582 1082 1630 1138 bac
1646 1083 1793 1142 scriberem
1807 1102 1886 1153 quma

1087 1152 1186 1220 stione,
1196 1152 1297 1208 directa
1309 1155 1439 1223 comperi.
1454 1152 1519 1208 Nam
1532 1167 1567 1208 er
1583 1153 1625 1208 bis
1650 1169 1709 1225 que
1725 1155 1753 1211 iu
1766 1171 1798 1212 ea
1815 1158 1883 1228 legi,

1087 1237 1138 1290 ego
1152 1223 1210 1290 ipse
1235 1238 1294 1277 sum
1315 1233 1376 1278 tuus
1399 1224 1485 1289 testis,
1513 1239 1593 1291 quam
1613 1225 1741 1281 vivaciter
1767 1229 1884 1286 antebac

1090 1291 1171 1348 fucris
1185 1293 1352 1363 completus,
1367 1292 1458 1361 idest,
1474 1293 1520 1350 tibi
1548 1293 1697 1363 placuerint
1712 1313 1718 1350 :
1736 1295 1793 1352 baec
1807 1301 1884 1355 scili·

1088 1374 1131 1419 cet
1148 1366 1249 1432 paucis,
1266 1365 1445 1419 sicutdictum
1459 1374 1510 1430 εει,
1525 1373 1618 1419 notum
1637 1379 1698 1421 esse
1714 1367 1767 1422 iter
1790 1368 1885 1442 bojas-

1090 1434 1163 1489 modi
1195 1435 1371 1504 scriptionum
1388 1451 1395 1500 ;
1423 1449 1451 1491 ει
1465 1445 1492 1489 tu
1506 1435 1613 1505 quidem
1623 1436 1657 1492 de
1672 1437 1801 1507 predicta
1816 1441 1884 1497 beb-

1089 1504 1358 1574 domadedigerenda
1382 1507 1421 1560 sic
1444 1507 1575 1576 postulas.
1601 1508 1658 1577 Ego
1684 1523 1749 1563 vcro
1770 1509 1839 1580 ipse,
1857 1524 1884 1570 et

1090 1574 1167 1639 bane,
1180 1584 1208 1631 et
1221 1577 1289 1631 alias
1320 1575 1502 1632 hebdomades
1529 1587 1699 1634 commentor
1717 1579 1844 1650 quidem,
1858 1584 1883 1641 id

247 1669 289 1716 8⁵1
301 1654 564 1714 00110011110dl⁰il11r·
580 1651 627 1707 Est
642 1664 707 1704 iero
732 1648 804 1704 allud
826 1648 1037 1718 argumentatio·
1089 1655 1142 1711 est,
1159 1646 1185 1700 in
1205 1655 1323 1701 mentem
1344 1648 1498 1717 frequenter
1521 1649 1728 1715 comminiscor,
1756 1651 1805 1706 sed
1834 1653 1884 1712 ιω

247 1731 288 1785 nis·
302 1743 398 1800 genus,
411 1740 464 1796 quo
489 1732 551 1778 ante
575 1721 776 1777 conclusionem
801 1719 901 1790 aliquid
928 1720 1035 1788 quidem
1052 1746 1075 1810 B
1090 1716 1155 1770 mibi
1170 1725 1283 1771 tautum.
1298 1717 1374 1782 Quod
1388 1728 1440 1800 est,
1457 1719 1651 1802 speculataque
1665 1719 1698 1776 ad
1717 1725 1884 1801 ‘memoriam

245 1800 353 1864 dicitur,
365 1797 413 1853 sed
425 1796 496 1850 aliod
507 1792 578 1863 quod
589 1791 712 1846 similiter
721 1789 838 1845 dictione
846 1791 1036 1859 exponendum
1090 1801 1177 1842 meam
1203 1801 1345 1869 conservo,
1355 1799 1454 1870 ‚potrus
1466 1804 1546 1860 quarn
1558 1802 1700 1861 participo,
1711 1789 1743 1873 ¹vil
1754 1802 1797 1873 est
1810 1809 1884 1852 oom-

245 1879 314 1936 erat,
329 1869 356 1923 in
372 1867 460 1922 anima
470 1866 571 1934 absque
584 1861 701 1916 dictione
726 1871 848 1916 tenetur:
866 1870 903 1926 ut,
928 1869 970 1915 εει
989 1861 1037 1914 ιιο-
1089 1859 1197 1913 inunico
1215 1872 1338 1926 cuiquam
1355 1860 1473 1925 illorum,
1488 1876 1601 1930 quorum
1626 1861 1733 1917 lascivta
1757 1865 1883 1936 interior,

246 1955 301 2004 mo,
318 1941 398 2010 igitur
410 1934 568 1992 estanimal.
586 1932 634 1987 llic
646 1931 717 1987 enirn
732 1946 764 1986 ει
788 1946 821 1986 eo
836 1930 907 2001 quod
935 1930 1036 1986 dictum
1088 1941 1120 1982 ac
1134 1929 1252 1982 exterior
1264 1929 1421 1997 petulantia,
1435 1930 1501 1984 nibil
1515 1931 1613 1998 patitur
1623 1945 1683 1988 esse
1696 1933 1883 2003 conjunctum,

246 2021 298 2076 εει,
309 2020 351 2066 εει
365 2009 459 2070 bomo;
471 2015 496 2060 ει
509 2019 542 2060 ex
558 2016 591 2058 eo
602 2001 673 2072 quod
688 2001 788 2071 absquae
803 2001 921 2057 dictione
935 2001 1036 2070 eogita-
1090 1999 1117 2051 ld
1132 2007 1175 2053 est
1187 1998 1334 2066 perlectum
1348 1999 1375 2053 in
1385 2015 1415 2054 se
1427 2010 1454 2054 et
1468 2001 1528 2056 aliis
1539 2014 1699 2074 congruum,
1713 2004 1785 2073 quod
1796 2001 1884 2062 Greci

245 2090 301 2146 tur,
313 2081 425 2144 scilicet,
443 2077 523 2132 bomo
551 2073 707 2129 naturaliter
733 2085 793 2127 esse
807 2072 917 2139 animal,
928 2073 1038 2127 conclu·
1089 2068 1182 2124 dicunt
1194 2070 1337 2144 ἁρμονικὸν.
1353 2070 1428 2138 Quod
1445 2073 1535 2141 utique
1549 2075 1671 2141 provenit
1685 2089 1739 2128 pop
1752 2073 1787 2129 ab
1801 2077 1885 2133 animi

245 2168 304 2207 sirm
320 2160 377 2216 est,
389 2158 429 2204 εει
442 2146 553 2202 animai.
569 2142 670 2199 ideirco
681 2151 735 2197 tota
746 2142 832 2196 oratio
847 2142 882 2196 ab
899 2142 945 2197 illa
960 2151 1037 2211 parte
1089 2139 1205 2207 ratione,
1221 2144 1268 2194 scil
1281 2155 1295 2193 a
1311 2141 1373 2210 joco
1390 2139 1505 2197 lasciviae
1515 2143 1635 2214 risuque·
1647 2140 1884 2215 petulantiasspae,

246 2222 436 2284 antecedentis,
456 2232 516 2288 quae
536 2217 595 2271 sine
620 2213 788 2280 expositione
812 2221 919 2267 tenetur
936 2211 963 2266 in
979 2211 1037 2266 ani·
1089 2211 1169 2264 Tales
1192 2225 1306 2280 namque
1327 2227 1375 2266 sua
1399 2218 1501 2266 tantum
1528 2215 1736 2270 inventasoicnt
1762 2216 1883 2284 laudare,

245 2307 305 2359 mi
325 2295 454 2363 iiidpapo
466 2297 585 2343 moduli·
601 2283 671 2341 Sunt
681 2294 708 2338 et
725 2284 777 2338 alia
789 2283 964 2355 ι’νθυμήματα,
978 2296 1038 2353 iprae
1089 2289 1249 2336 caeterorum
1264 2295 1328 2336 vero
1338 2281 1501 2351 vituperare,
1512 2293 1540 2337 et
1556 2294 1681 2354 tanquam
1705 2285 1804 2341 nullius
1815 2287 1882 2355 sint,

247 2363 383 2434 autjuxta
408 2359 562 2429 qualitatem
601 2369 766 2409 summarum
784 2357 959 2408 oratoriarum
986 2353 1038 2408 ali·
1090 2352 1223 2406 deridere.
1240 2351 1287 2406 liis
1300 2367 1364 2422 ergo
1375 2353 1516 2416 sapientia
1530 2366 1643 2418 secreta,
1667 2357 1790 2425 quoniam
1819 2373 1886 2426 pro-

244 2434 309 2506 quid
326 2431 409 2488 menti
420 2431 584 2499 relinquunt,
605 2436 642 2491 ut,
664 2432 748 2480 mater
759 2424 862 2494 diligit;
884 2435 928 2479 aut
950 2424 1036 2479 inclu-
1090 2430 1150 2491 pter
1163 2436 1211 2477 eos
1224 2423 1270 2492 qui
1285 2423 1358 2547 digni
1371 2424 1497 2478 videntur
1520 2426 1629 2480 omniuo
1641 2434 1729 2480 tacere
1742 2441 1795 2480 non
1813 2442 1883 2499 pos.

244 2507 320 2560 sione
340 2504 431 2568 atiquo
451 2499 503 2554 sub
523 2496 730 2566 interrogatione
762 2496 850 2564 posito
872 2495 1035 2550 contrarium
1089 2507 1194 2557 sumus,
1210 2494 1297 2561 aliqua
1328 2494 1425 2549 elocis
1446 2494 1884 2579 multiplicatisoonlormataspe-

245 2573 359 2643 intelligi
370 2571 471 2637 volunt,
496 2575 525 2622 ut
545 2566 615 2636 quod
630 2567 683 2621 scis
696 2567 820 2636 prodest,
847 2576 873 2620 et
892 2566 962 2635 quod
990 2580 1038 2621 ne·
1089 2562 1272 2644 cieveri‚aut
1300 2564 1396 2646 saltem
1419 2565 1507 2635 aliqua
1531 2566 1671 2648 verborum
1694 2575 1885 2627 contractione

245 2644 299 2700 scis
312 2658 365 2696 non
380 2641 467 2696 obest.
496 2637 550 2693 Sed
565 2636 636 2691 nulla
652 2636 749 2690 talibus
760 2636 982 2704 conceptionibus
994 2636 1036 2691 di·
1089 2633 1256 2689 obducimus.
1274 2632 1391 2690 Prolrrnc
1403 2650 1510 2703 moneo,
1520 2646 1590 2692 tunc
1606 2651 1643 2692 ειε
1655 2637 1885 2696 adversusobscu·

245 2714 426 2785 gnitasinest.
443 2709 500 2764 Non
525 2707 597 2762 enirn
621 2723 635 2762 a
659 2710 762 2762 ratione
790 2716 818 2762 et
844 2706 1037 2763 consuetudine
1089 2703 1369 2772 ritatibusbrevitatis,
1379 2706 1405 2761 id
1419 2716 1578 2776 est,quaeer
1587 2708 1884 2781 brevitatcoontingers

247 2782 363 2856 vulgaris
374 2783 455 2837 etiam
466 2779 600 2835 sermonis
615 2777 766 2839 discedunt,
779 2793 865 2847 eoque
877 2778 961 2844 magis
976 2779 1037 2833 illas

246 2856 273 2911 in
290 2863 381 2911 mente
397 2860 470 2906 tenet
483 2857 584 2915 orator,
600 2848 669 2919 quod
685 2848 849 2918 superfluum
865 2847 935 2915 apud
947 2863 977 2903 se
994 2849 1038 2918 ju·

244 2925 327 2990 dicat,
349 2938 395 2980 eas
419 2921 546 2978 omnibus
565 2929 642 2974 notas
665 2919 786 2974 oratione
816 2919 938 2988 proponi.
973 2920 1037 2984 Qum

246 3011 311 3055 vero
323 2992 504 3051 hebdomades
528 2991 706 3061 appellantur,
733 3005 747 3044 a
775 3004 855 3044 sensu
876 2988 1036 3058 simplicium

246 3069 357 3126 omnino
367 3065 460 3135 procul
471 3071 584 3118 suutzet
593 3062 637 3129 qui
650 3062 676 3115 in
691 3061 812 3186 plurimis
826 3059 997 3127 studuerunt,
1009 3068 1037 3115 et

246 3138 400 3211 sophisticis
411 3137 491 3192 etiarn
505 3133 689 3190 exercitationi
953 3200 959 3212 ι

244 3227 337 3271 earum
360 3208 490 3264 miraculo
511 3214 762 3266 commoventur,et
785 3202 855 3257 siout
879 3201 1034 3269 predictum

244 3295 296 3349 est,
312 3282 345 3336 atl
366 3281 484 3347 ipsarum
508 3273 763 3343 contemplationem
786 3289 839 3327 non
864 3273 915 3328 nisi
936 3287 1036 3342 paucos

243 3366 344 3422 eosque
354 3348 432 3403 iable
452 3346 577 3415 probatos
602 3344 755 3398 admittunt.
783 3342 939 3412 liujusmodi
969 3342 1033 3397 mul·

243 3435 284 3479 tas
297 3436 350 3489 prm
367 3428 457 3473 mente
471 3416 578 3470 Boetius
592 3415 732 3479 saepientiae
748 3424 851 3468 amator
864 3413 996 3477 babebat,
1009 3422 1036 3468 ει

245 3494 365 3549 Rornano
374 3486 470 3542 loanni
483 3484 920 3553 diaeonodiupulsanti,dignoque
930 3484 973 3538 cui
987 3485 1035 3538 ali-

244 3560 352 3633 quando
368 3556 527 3627 aperiretur,
541 3553 656 3622 qualiter
669 3561 773 3622 poterat
784 3553 809 3607 in
824 3553 949 3621 naturali,
963 3554 1037 3609 ideo·

242 3622 887 3705 quecompositoiabricatoquesermone,aliquas
897 3626 1035 3680 exerebat.

245 3693 1034 3769 luterquasunacratquadicebatureaquausunt,essebona

243 3763 1033 3838 iueoquodsuut‚cumtamennonsintsubstantialiabona.

242 3843 329 3912 Quam
338 3836 542 3893 adrrvirationem
553 3832 658 3903 quidem
665 3832 976 3900 venerabaturioannes,
988 3835 1035 3890 sed

240 3929 257 3968 a
269 3912 382 3969 veritate
394 3920 489 3963 sensus
502 3904 586 3970 illius,
598 3903 774 3973 quarumdam
789 3904 922 3958 rationum
934 3907 978 3973 qui
993 3906 1033 3960 vi-

239 3983 356 4041 debatur
364 3981 391 4034 in
399 3994 430 4035 ea
441 3976 593 4040 conflictus,
601 3975 721 4044 ejusdem
732 3974 935 4044 intelligentiam
943 3977 1035 4031 eteiu-

238 4053 331 4113 debat.
346 4052 422 4106 llunc
439 4063 503 4118 ergo
514 4047 678 4111 conflictum,
703 4053 812 4115 rogatus
827 4046 861 4100 ab
879 4047 1035 4102 euboetius

261 4121 405 4182 rimumilli
421 4119 561 4190 proposuit
577 4134 584 4170 :
603 4125 632 4172 ut
645 4131 676 4171 ca
700 4132 760 4187 quae
783 4126 855 4182 sunt,
877 4132 930 4171 non
955 4116 1035 4172 modo

242 4213 313 4253 tneo
326 4193 397 4265 qood
411 4200 483 4257 surra,
501 4188 685 4243 verumetiam
709 4188 782 4242 nullo
800 4187 880 4241 modo
904 4202 966 4243 csse
987 4189 1035 4243 bo-

242 4262 472 4336 na,.qoarumdam
487 4259 634 4330 phantasiis
643 4258 776 4312 rationum
799 4260 939 4312 conclusit.
957 4258 1035 4313 Dein-

241 4339 275 4394 tle
289 4347 370 4392 totam
386 4333 465 4402 buius
479 4331 630 4400 aertigmatis
640 4329 738 4383 nubent
752 4328 884 4384 divisione
903 4331 1033 4394 decussit,

241 4419 269 4466 ει
284 4408 370 4463 sicud
386 4402 572 4466 hebdomadis,
581 4402 632 4454 boe
647 4413 698 4466 est,
727 4399 911 4468 conceptionis
921 4399 1034 4471 dignita·

244 4494 308 4546 rem,
321 4475 521 4545 intelligentiam
538 4472 596 4539 ejus
617 4470 732 4525 admisit.

278 4548 409 4614 Postulat,
431 4541 496 4614 etc]
522 4543 590 4608 Quid
616 4541 735 4596 ioannes
754 4541 883 4598 diaconus
910 4555 991 4613 petat,
1007 4553 1034 4600 ει

240 4621 304 4689 quid
317 4636 346 4673 se
358 4619 489 4670 iacturum
514 4627 595 4681 super
615 4613 666 4666 boc
693 4614 800 4668 boetius
820 4615 960 4683 spondeat,
973 4629 1032 4669 tarr·

241 4687 408 4760 quambrevi
425 4684 607 4754 prologo,quo
629 4683 803 4738 attentionem
830 4684 890 4754 ejus
906 4702 965 4754 quae
991 4692 1033 4739 in-

240 4760 381 4816 formando
395 4756 577 4822 solvendoque
595 4755 756 4808 emblemate
769 4755 854 4824 stragis
866 4768 923 4810 erat
936 4772 1032 4811 neces·

241 4832 322 4895 saria,
337 4837 450 4892 niirveat,
466 4825 619 4895 pareantum
631 4837 656 4877 ει
671 4824 728 4878 ait:
745 4824 962 4896 Postulas,quasi
976 4841 1032 4881 rent

239 4904 345 4971 aeoliis
360 4896 547 4956 tuaeanucitiaa
564 4895 692 4959 debitam,
708 4905 736 4948 ut
763 4912 843 4950 unam
869 4911 901 4949 et
932 4897 1033 4951 bebdo-

240 4974 362 5028 madibus
384 4969 500 5032 nostris,
521 4966 646 5022 videlicet
665 4965 854 5021 obscuritatem
875 4967 1030 5035 questionis

238 5044 299 5116 ejus
312 5056 373 5112 qum
387 5039 507 5096 conviciet
525 5036 645 5101 rnodum,
657 5051 711 5104 quo
734 5035 837 5091 scilieet
862 5038 1027 5100 substantie,

240 5117 267 5171 id
280 5124 321 5170 εει
333 5127 393 5181 que
408 5110 434 5165 in
445 5107 611 5162 naturalibus
626 5121 668 5161 res
692 5106 870 5163 sub-isiemes
892 5107 1029 5173 dicuntur,

239 5189 317 5241 lionae
332 5184 395 5246 sim,
408 5181 435 5235 io
448 5193 481 5233 eo
495 5178 567 5247 quod
582 5176 646 5241 sim,
661 5189 721 5231 cunr
743 5193 795 5232 nou
822 5181 877 5233 sint
904 5179 1029 5233 substan·

238 5256 312 5311 tialia
324 5255 404 5315 bona,
420 5251 472 5305 boc
486 5259 536 5311 cst,
551 5262 612 5302 curn
627 5248 732 5302 bonitas
746 5249 801 5314 ipsa
821 5265 873 5304 non
888 5249 923 5304 sit
937 5265 1029 5305 eorum

238 5325 385 5396 dequibus
405 5321 564 5391 predicatur
586 5319 787 5374 subsistentium
814 5337 892 5387 esse,
910 5322 1030 5388 digeram

238 5396 310 5466 qood
321 5403 373 5459 est,
386 5403 413 5448 et
424 5393 502 5462 paulo
515 5399 575 5461 post
588 5390 747 5455 evidentius,
765 5392 815 5447 lroe
839 5403 881 5447 est
901 5393 1030 5462 aliquate-

237 5482 289 5522 nus
300 5465 439 5520 evidenter
450 5471 606 5527 monstrem,
624 5461 747 5516 videlicet
773 5465 868 5533 quibus
888 5477 1030 5532 argumen-

236 5539 275 5591 tis
287 5535 440 5597 affirmatio,
450 5534 599 5602 quibusque
609 5534 716 5599 negatio
728 5536 833 5598 probari
850 5549 927 5601 posse
940 5534 1030 5587 videa·

240 5617 292 5673 tur,
304 5617 331 5660 et
342 5621 395 5674 quo
411 5603 614 5670 multiplicitatis
625 5606 683 5658 loeo
700 5603 804 5668 divisio,
816 5621 887 5658 verae
908 5606 1028 5659 scientiae

234 5691 314 5730 error
331 5678 419 5739 cedat,
433 5688 576 5740 exponam.
592 5673 715 5742 Dicisque
737 5677 762 5727 id
785 5692 845 5729 csse
864 5677 1026 5737 iaciendum,

236 5743 264 5798 td
279 5753 329 5812 est,
346 5743 500 5814 quaestionis
514 5743 593 5814 bajus
606 5745 796 5798 obscuritatem
821 5746 856 5800 ito
879 5760 940 5802 esse
955 5744 1028 5815 dige-

1090 2785 1211 2844 possunt.
1223 2775 1354 2842 Qnmcom
1362 2777 1426 2842 siut,
1435 2777 1660 2846 contraobliquos
1671 2779 1884 2839 obtrectatorum

1090 2859 1207 2911 morsus,
1220 2846 1311 2900 arcani
1335 2844 1387 2900 lida
1407 2848 1540 2915 custodia,
1553 2848 1626 2918 quod
1642 2865 1694 2903 non
1709 2851 1883 2907 mediocriter

1089 2915 1156 2971 utile
1165 2924 1217 2979 cst,
1233 2923 1288 2970 tum
1308 2917 1389 2972 etiam
1403 2920 1552 2986 commodi,
1567 2919 1658 2987 idest,
1674 2921 1725 2976 lac
1748 2925 1885 2980 commodi

1090 2987 1246 3041 naturaliter
1257 2987 1365 3047 babent.
1377 2989 1449 3054 quod
1467 2990 1658 3061 colloquuntur
1678 3006 1738 3048 cram
1761 2992 1803 3047 fris
1816 2993 1885 3050 solis

1089 3057 1278 3127 quiquatenus
1298 3068 1413 3128 possunt
1439 3062 1655 3117 convenientium
1677 3066 1809 3119 rationum
1838 3065 1883 3120 via

710 3147 741 3186 us
760 3130 864 3202 probati
876 3138 1033 3200 paruerunt,
1048 3133 1073 3195 (ξ
1089 3128 1230 3196 vestigant,
1242 3137 1269 3183 ει
1279 3128 1488 3186 indeficientium
1497 3134 1647 3188 studiorum
1660 3134 1796 3204 impendio
1808 3150 1883 3192 com·

1089 3208 1183 3266 parant
1195 3200 1400 3268 conceptionum
1414 3215 1523 3269 arcana,
1534 3205 1581 3274 qui
1595 3218 1659 3261 vere
1671 3206 1744 3277 digni
1763 3219 1827 3263 sunt
1838 3208 1884 3263 in·

1090 3268 1202 3324 tramitti
1215 3270 1247 3324 ad
1257 3284 1300 3325 ea.

1128 3338 1162 3394 ιιι
1172 3341 1261 3409 iqi'tar,
1277 3340 1344 3412 ειε]
1355 3342 1454 3410 :Quasi
1469 3343 1592 3400 Postulas
1606 3353 1635 3400 ut
1645 3346 1775 3416 digeram,
1789 3351 1884 3406 eteri-

1087 3411 1194 3466 dentius
1223 3422 1370 3467 monstrem
1407 3414 1597 3470 obscuritatem
1622 3418 1799 3486 quaestionis,
1827 3432 1883 3477 etc.

1089 3481 1122 3538 Ut
1138 3483 1217 3551 igitur
1227 3490 1280 3536 tuae
1306 3483 1468 3539 satisfaciam
1498 3487 1679 3556 postulationi,
1697 3488 1748 3541 leci
1773 3492 1824 3557 sie,
1854 3504 1886 3547 ut

1088 3551 1146 3608 lleri
1169 3551 1240 3607 solet
1266 3550 1294 3606 in
1325 3554 1511 3611 rnatbematics
1529 3555 1647 3610 maitiae
1673 3556 1827 3628 disciplina,
1855 3563 1885 3617 id

1087 3631 1130 3678 est
1140 3623 1319 3686 arithmetica,
1342 3627 1516 3694 geometrica,
1543 3625 1655 3691 musica,
1686 3635 1884 3697 astronomica,

1088 3703 1117 3748 et
1127 3693 1154 3747 iu
1169 3695 1276 3747 ceteris
1290 3694 1371 3748 ctiam
1387 3696 1506 3764 pluribus
1525 3695 1693 3764 disciplinis:
1710 3706 1739 3751 ut
1759 3699 1784 3751 iu
1812 3716 1885 3767 prac-

1086 3763 1245 3820 dicamentis
1260 3774 1288 3818 et
1304 3766 1467 3836 analyticis,
1489 3767 1516 3821 in
1540 3766 1635 3836 quibus
1653 3769 1774 3837 quaedam
1798 3784 1884 3827 secu·

1087 3835 1154 3889 turis
1168 3835 1325 3889 tractatibus
1349 3837 1501 3891 necessaria
1525 3851 1578 3907 prae
1615 3849 1730 3904 nuntur,
1755 3839 1885 3899 videlicet

1087 3905 1221 3974 preposui
1234 3906 1365 3961 terminos
1375 3908 1545 3978 regulasque.
1599 3907 1690 3963 osdem
1721 3922 1787 3980 quos
1802 3925 1885 3969 vocat

1088 3977 1228 4038 terminos,
1242 3987 1321 4031 coeat
1333 3977 1413 4032 etiam
1425 3979 1545 4048 regulas,
1561 3978 1609 4034 sed
1635 3979 1739 4050 regulas
1758 3982 1883 4050 quidem,

1087 4047 1214 4116 quoniam
1229 4049 1308 4101 locali
1324 4047 1498 4104 similitudine
1513 4052 1596 4104 muita
1609 4053 1768 4115 eontinem,
1790 4055 1885 4109 tornai-

1087 4132 1137 4174 nos
1147 4132 1222 4184 vero,
1236 4117 1362 4187 quoniam
1377 4134 1409 4172 ex
1422 4133 1516 4175 eorum
1529 4120 1667 4190 principiis
1684 4121 1883 4180 demonstratio

1087 4189 1284 4259 propositorum
1304 4189 1455 4255 deducitur,
1483 4202 1510 4247 et
1533 4205 1627 4246 eorum
1649 4194 1791 4260 postremis
1806 4195 1886 4250 indu·

1086 4259 1220 4315 ctionibus
1246 4269 1371 4326 tanquam
1401 4263 1498 4317 linibus
1523 4262 1693 4317 terminator.
1720 4263 1775 4320 llos
1801 4267 1885 4334 igitur¹

1086 4330 1144 4385 sive
1158 4329 1286 4384 terminos
1300 4330 1357 4384 sive
1368 4332 1473 4400 regulas
1486 4333 1632 4403 preposui,
1654 4334 1752 4400 quibus
1764 4335 1883 4392 efficiam

1086 4408 1181 4455 cuncta
1194 4414 1255 4469 quae
1268 4410 1428 4470 sequuntur,
1444 4402 1533 4469 idest,
1552 4405 1651 4473 quibus
1664 4414 1692 4459 et
1716 4411 1883 4474 propositam

1088 4469 1282 4528 hebdomadem
1297 4471 1394 4527 abduci
1414 4473 1441 4526 in
1455 4474 1649 4530 dubitationem
1669 4477 1824 4545 ostendam,
1855 4489 1885 4535 et

1086 4557 1119 4597 ει
1134 4540 1342 4609 multiplicitatis
1358 4543 1417 4596 loeo
1430 4544 1518 4599 diviso
1530 4546 1614 4614 ipsam
1626 4546 1795 4602 confirmem.

1122 4611 1357 4685 doemoniacis]
1370 4614 1458 4668 Prima
1469 4630 1547 4683 quam
1559 4618 1634 4686 ponit
1646 4619 1747 4687 regola,
1758 4620 1884 4676 omnium

1085 4699 1145 4753 quaa
1159 4691 1320 4752 sequuntur,
1336 4683 1390 4738 imo
1404 4686 1523 4740 orrrrvium
1544 4689 1728 4757 cujuscunque
1746 4688 1886 4749 facultatis

1085 4755 1140 4810 sint
1152 4753 1319 4824 generalium
1332 4757 1537 4822 sententiarum,
1583 4773 1631 4813 aas
1651 4759 1733 4814 etiarm
1749 4759 1802 4816 boe
1823 4762 1887 4818 loco

1085 4825 1274 4894 conceptiones
1291 4832 1378 4892 vocat,
1401 4836 1443 4882 est
1464 4828 1548 4881 iocus.
1597 4828 1689 4883 renim
1703 4830 1737 4884 ile
1758 4832 1885 4899 positivis

1085 4895 1266 4966 grammatea
1280 4896 1415 4952 facultatis
1435 4898 1534 4968 regulis
1549 4911 1694 4967 taceamus,
1708 4908 1813 4956 certum
1827 4915 1885 4970 est,

1085 4966 1156 5037 quod
1172 4975 1200 5021 et
1218 4967 1264 5036 qui
1278 4977 1410 5023 vocantur
1431 4983 1590 5025 communes
1606 4972 1657 5025 loci
1681 4974 1841 5038 iberorum,
1856 4990 1887 5030 et

1083 5038 1208 5091 maritae
1229 5037 1428 5106 propositiones
1441 5039 1658 5106 dialecticorum,
1670 5052 1698 5096 et
1714 5044 1885 5100 theoremata

1086 5116 1296 5178 geometrarum,
1312 5120 1339 5163 et
1349 5111 1484 5165 axiomata
1507 5112 1684 5176 musicorum,
1699 5121 1728 5167 et
1740 5118 1886 5184 generales

1082 5180 1223 5233 sententiae
1234 5178 1385 5237 ethicorum
1398 5195 1445 5235 seu
1455 5181 1689 5250 pbilosopborum,
1705 5187 1885 5242 coritinentur

1083 5249 1259 5304 universitate
1274 5249 1354 5320 liujus
1369 5253 1485 5321 regulae,
1508 5267 1560 5322 qua
1586 5253 1701 5307 dicitur:
1720 5256 1885 5312 Communis

1083 5320 1164 5374 animi
1176 5322 1317 5390 conceptio
1329 5330 1371 5377 est
1383 5323 1544 5389 enuntiatio,
1559 5339 1639 5393 quam
1655 5326 1768 5395 quisque
1785 5331 1885 5397 probat

1083 5391 1212 5456 auditam,
1225 5407 1278 5447 nott
1290 5393 1370 5449 unius
1382 5402 1496 5458 uotum,
1511 5392 1559 5449 sed
1575 5401 1726 5451 communis
1741 5400 1837 5465 animi,
1855 5400 1883 5453 id

1081 5471 1124 5516 est
1136 5465 1280 5517 inultorum
1294 5465 1444 5519 animorum
1460 5471 1537 5518 vocat
1551 5479 1609 5518 earn
1626 5465 1661 5520 de
1682 5482 1734 5538 qua
1754 5484 1827 5523 nunc
1843 5469 1885 5526 io·

1081 5533 1172 5600 quitur
1184 5534 1387 5600 conceptionem
1402 5536 1545 5604 :quoniam
1561 5536 1677 5601 scilicet,
1690 5553 1751 5608 quae
1763 5539 1884 5593 intinita-

1082 5618 1154 5668 rum,
1165 5602 1351 5670 singularium,
1360 5619 1562 5671 concessarum,
1574 5621 1620 5661 seu
1630 5609 1774 5663 dubiarum
1785 5610 1882 5665 localis

1080 5683 1122 5726 εει
1132 5672 1210 5736 εειιο,
1221 5673 1343 5743 plurimis
1355 5677 1396 5730 vel
1406 5685 1511 5740 natura,
1523 5678 1565 5731 rel
1576 5677 1671 5747 opifice
1680 5680 1765 5747 logica
1783 5693 1879 5737 aratam

1080 5743 1148 5798 adeo
1163 5755 1223 5799 esse
1236 5747 1371 5813 convenit,
1385 5757 1413 5800 ot
1423 5761 1483 5801 cirin
1499 5749 1532 5800 ad
1543 5747 1645 5818 aliquid
1657 5749 1877 5807 coriilrmandum
