3946 6186
214 343 263 398 sel
821 339 875 397 ΔΝ.
895 333 998 396 uoltu
1018 336 1095 396 SEVa
1116 336 1227 395 bdelli
1787 335 1840 390 839.

215 455 313 520 turbet,
328 452 351 507 si
362 451 472 522 noento
485 451 681 519 propositiones
693 459 720 506 ει
732 451 917 507 conclusiones
927 449 1000 504 latret·
1017 449 1168 512 ,estodium
1192 447 1283 518 logicae
1307 443 1456 514 discipliuae
1482 442 1672 514 disputationis
1705 443 1840 499 subtilitas

214 551 287 607 sttttt,
303 540 518 610 quandoquidem
541 557 594 595 nott
616 541 741 597 ueritates
754 557 855 603 rernm.
868 540 917 596 sed
931 554 998 596 cco·
1048 540 1183 603 -trarerit,
1211 536 1283 607 prius
1309 536 1343 589 tle
1373 532 1506 604 ambiguis
1528 533 1756 602 disputationibus
1782 533 1840 587 dis·

216 632 344 687 nexiones
357 631 572 703 syllogismorum
586 631 683 701 liguras
692 643 719 688 et
730 633 824 688 modos
834 631 1000 700 suscepimus
1053 634 1130 692 eant,
1147 633 1206 692 post
1222 623 1256 678 alt
1279 621 1322 678 his
1347 622 1447 676 vetitas
1468 620 1494 677 ln
1512 622 1597 690 ,rebus
1620 622 1842 690 mendaciumque

215 723 395 778 disserendos.
412 722 476 776 Nam
491 722 533 777 bis
547 721 668 792 cognitis,
679 724 701 777 si
724 738 791 791 nuos
804 724 837 777 ad
852 722 999 790 perlectum
1050 712 1231 769 meditabitur.

1772 826 1804 838 Q
1821 825 1839 840 fl

1695 846 1697 851 ’
1744 849 1834 863 ...ιι-ι·

223 873 263 890 .-

574 993 707 1097 nn.
739 991 976 1096 mnus.
1014 983 1192 1095 εει.
1222 981 1487 1117 nonunt

316 1227 435 1347 uu
482 1201 1068 1350 synnootsttto
1107 1209 1743 1338 uteo'rflunoo

892 1428 1024 1507 LIBRI
1050 1424 1171 1501 DUO.
1497 1494 1500 1501 .
1603 1456 1606 1461 ·

698 1629 703 1638 ’
806 1666 989 1765 mmm
1025 1659 1286 1764 Patmos.

171 1904 174 1910 ⁴
259 1917 326 1974 Com
338 1915 365 1971 in
379 1914 502 1970 omnibus
513 1911 687 1984 pltllosopltitc
697 1909 846 1980 discip'inis
860 1906 1010 1964 ediscendis
1026 1901 1143 1968 Beertit
1154 1910 1183 1958 ct
1195 1901 1385 1957 convenienter
1401 1904 1493 1972 positis
1516 1906 1740 1974 propositionibus
1758 1908 1844 1960 conti·

226 2019 305 2075 attpue
336 2003 480 2060 tractandis
504 2017 636 2058 summum
661 2000 721 2054 nito
747 1999 860 2068 positum
889 1997 1008 2052 solamen
1061 2005 1150 2050 netur.
1169 1993 1319 2062 nepesino
1333 2007 1398 2048 vero
1412 1994 1500 2049 omnis
1514 2005 1559 2049 aut
1572 1997 1723 2066 categorica
1736 2007 1776 2052 est
1788 2015 1847 2067 preat

226 2093 388 2159 existimem,
412 2102 466 2145 tum
492 2090 644 2159 iocundius,
670 2097 699 2144 ct
720 2086 799 2142 ueluti
814 2100 874 2140 com
896 2084 1010 2154 quodam
1062 2086 1232 2157 prindieatira
1247 2083 1354 2150 dieitur,
1367 2094 1414 2139 aut
1428 2085 1597 2158 byputbctica
1612 2104 1671 2158 oue
1683 2087 1848 2143 conditiona-

229 2181 316 2236 lructo
342 2181 423 2235 etiam
447 2178 546 2234 laboris
568 2178 667 2247 arripio
681 2190 740 2246 qum
764 2183 850 2228 tecum
866 2172 1012 2227 communi·
1062 2176 1094 2230 lis
1109 2185 1233 2236 vocatum
1252 2172 1422 2242 praedicativa
1442 2183 1483 2228 εει
1498 2173 1524 2229 ἰιι
1539 2189 1590 2244 qua
1604 2176 1674 2230 aliud
1690 2177 1849 2247 prodientem

226 2271 313 2327 ⁰³¹¹&
337 2284 479 2340 c⁰¹¹¹l’0110·
496 2269 561 2323 ΝΜ
575 2269 625 2324 ⁶¹⁸³
649 2267 706 2336 ¹l⁸²
732 2264 879 2336 speculatio
894 2264 1012 2319 veriatis
1063 2271 1097 2325 de
1115 2268 1177 2332 alio,
1194 2269 1245 2322 ltoe
1259 2265 1339 2322 modo
1355 2286 1361 2320 :
1380 2265 1461 2322 bonno
1471 2268 1567 2322 animal
1585 2276 1637 2337 est,
1650 2256 1694 2324 bic
1706 2269 1778 2324 enim
1790 2271 1848 2322 ani·

227 2377 275 2416 sua
287 2362 401 2432 quadam
412 2361 501 2431 specie
515 2358 639 2415 sectanda
654 2367 705 2424 εει,
723 2357 752 2411 llt
771 2366 859 2411 tamen
872 2355 1013 2410 amabilior
1063 2358 1115 2412 mal
1131 2357 1167 2412 de
1180 2354 1287 2411 bomine
1300 2355 1472 2426 praedicatum
1483 2364 1537 2422 est;
1552 2356 1721 2429 bypotiretira
1735 2367 1848 2432 estryttar

228 2467 288 2506 eom
300 2452 327 2505 itt
342 2465 483 2507 commone
497 2437 646 2505 deducitur.
660 2447 765 2502 Nullum
780 2447 850 2500 enim
864 2445 961 2498 bottotn
972 2452 1014 2499 εει
1062 2462 1123 2503 cum
1145 2445 1259 2516 quadam
1281 2444 1434 2501 conditione
1457 2441 1595 2502 denuntiat
1619 2461 1679 2502 esse
1700 2447 1800 2520 aliquid
1824 2449 1849 2501 si

228 2541 299 2610 qttod
315 2554 367 2594 uon
382 2539 522 2608 pulchrius
535 2539 678 2603 elucescat,
701 2538 724 2592 si
737 2538 908 2607 plurimorum
922 2537 1013 2592 ttotitm
1064 2538 1144 2594 luerit
1155 2535 1237 2602 aliud,
1254 2536 1334 2591 veluti
1354 2551 1415 2592 com
1428 2536 1464 2592 ita
1479 2536 1592 2594 dicimus
1606 2555 1613 2591 :
1627 2538 1650 2593 si
1663 2538 1788 2603 diescet,
1805 2540 1849 2592 lor

228 2628 428 2696 comprobetur.
440 2625 505 2680 llam
518 2628 587 2696 tyuol
607 2628 672 2681 alias
685 2626 865 2681 taciturnitate
876 2626 1013 2694 ‘eompres-
1064 2637 1116 2683 est.
1132 2623 1312 2699 llypotbeticr
1327 2634 1415 2681 autem
1437 2627 1633 2697 propositiones
1646 2642 1678 2682 er
1693 2628 1865 2698 categoricis
1913 2700 1916 2709 ¹

229 2731 299 2782 sum,
313 2715 484 2785 jamjamque
497 2714 604 2770 silentio
616 2717 775 2785 peritorum,
797 2715 875 2770 latins
894 2715 1015 2771 clllores·
1064 2731 1197 2792 poppone,
1212 2733 1241 2778 oe
1251 2723 1328 2792 paolo
1342 2726 1475 2792 posterior
1487 2723 1635 2794 eppei-epte,
1650 2739 1705 2793 qpp
1719 2725 1748 2779 sp
1761 2727 1850 2796 pygyy.

229 2807 276 2870 cit,
289 2814 314 2861 ει
329 2805 472 2861 oblivionis
482 2806 591 2860 interito
605 2805 746 2861 scientium
761 2805 963 2876 participatione
973 2805 1017 2861 de
1065 2813 1195 2883 lugismns
1213 2814 1257 2885 qui
1270 2827 1302 2868 et
1317 2800 1477 2882 categoricis
1492 2814 1719 2884 propositionibus
1743 2815 1850 2885 iunctos

230 2899 356 2966 londitur,
382 2898 412 2954 llt
424 2913 529 2969 qucum
540 2896 682 2967 jocundior
696 2895 852 2966 disciplina,
869 2911 930 2952 cunt
946 2897 1016 2952 iuter
1065 2914 1107 2960 est
1119 2903 1288 2974 categoricus
1302 2902 1460 2974 appelletur,
1481 2904 1508 2959 id
1532 2912 1574 2959 est
1588 2905 1777 2975 predicatione
1792 2908 1852 2975 qni.

229 2990 350 3059 ejusdem
374 2991 511 3060 sapientia
526 2995 647 3046 conscios
669 2989 745 3059 jubet
764 3004 825 3045 εεεε
839 2989 986 3057 sapientem
1004 3007 1010 3043 :
1066 2993 1144 3060 dem,
1158 2992 1203 3063 qui
1218 3006 1282 3048 reru
1300 3007 1332 3047 et
1349 2991 1528 3064 byputbetlcls
1541 2995 1769 3066 propositionibus
1787 3011 1850 3051 cott-

229 3081 300 3151 tyuod
313 3082 336 3137 si
347 3081 454 3138 accedat
470 3085 511 3150 (ut
526 3090 612 3136 tecum
628 3079 692 3136 miltl
706 3095 777 3135 nnuc
788 3094 831 3136 res
845 3079 898 3150 est)
914 3095 946 3136 ea
957 3094 1016 3150 quae
1066 3096 1129 3152 stat,
1152 3084 1257 3139 dicatur
1275 3083 1472 3155 itypotbetieus,
1497 3085 1524 3141 id
1546 3094 1589 3141 est
1608 3085 1805 3141 conditionalis.
1820 3085 1852 3141 lit

231 3180 328 3241 sponte
353 3171 467 3241 jocunda
479 3179 540 3225 sunt
554 3171 579 3224 in
593 3170 716 3226 antieitiae
732 3169 956 3239 participationem
970 3169 1016 3224 de·
1067 3191 1130 3246 ergo
1144 3174 1239 3230 borant
1260 3174 1477 3246 syllogismorum
1500 3173 1649 3230 differentia
1673 3175 1852 3245 pervideatur,

229 3264 303 3330 duci,
325 3279 434 3319 necesse
446 3273 487 3319 esl
510 3263 591 3317 studii
617 3263 774 3316 suavitatem
803 3260 918 3331 qtltldalll
936 3260 1014 3314 ueluti
1029 3246 1051 3309 C
1066 3258 1209 3335 spectanda
1222 3265 1295 3334 prius
1309 3272 1459 3321 epicorum
1480 3263 1508 3320 in
1532 3265 1743 3336 propositionum
1759 3274 1852 3320 millia

230 3355 385 3409 tluicissimo
407 3355 524 3408 caritatis
550 3367 644 3422 sapore
657 3352 771 3407 condiri.
788 3350 853 3405 llam
867 3367 927 3407 cum
946 3351 971 3404 itl
987 3352 1014 3404 in
1065 3354 1194 3410 discretio
1207 3370 1214 3417 ;
1229 3352 1334 3410 uidetur
1347 3349 1419 3408 euim
1436 3353 1462 3409 itt
1475 3354 1607 3425 aliquibus
1628 3355 1852 3425 propositionibus

232 3461 263 3498 se
277 3445 397 3500 obtineat
411 3445 526 3498 amicitia
553 3446 689 3514 proprium
704 3457 809 3508 munus,
826 3454 855 3497 ut
880 3443 945 3496 nolit
969 3442 1015 3495 lta·
1064 3443 1130 3498 rtiltil
1145 3441 1254 3498 differre
1269 3444 1439 3512 pradicatira
1452 3440 1599 3516 propositio
1624 3459 1640 3500 a
1665 3445 1850 3511 conditionali,

231 3535 295 3591 bere
305 3534 438 3590 solitarias
451 3535 637 3602 cogitationes,
652 3545 713 3588 tune
726 3534 796 3603 quoti
811 3535 921 3588 ltotteste
943 3534 1011 3602 nuis-
1064 3535 1115 3590 nisi
1126 3539 1351 3606 tantumquodaut
1362 3537 1491 3594 orationis
1501 3537 1580 3594 modo
1596 3555 1603 3592 :
1623 3539 1696 3594 velut
1707 3542 1729 3595 si
1746 3542 1806 3610 tyuis
1817 3540 1853 3594 ita

231 3639 283 3693 que
301 3623 410 3692 cogitat,
427 3623 491 3676 nulli
507 3623 670 3691 promptius,
686 3624 735 3677 nisi
748 3637 825 3692 quem
841 3622 934 3692 diligit,
952 3638 1015 3678 con·
1066 3636 1207 3698 proponat,
1217 3629 1299 3684 home
1312 3630 1410 3685 sitirent
1420 3640 1472 3697 ert,
1486 3631 1512 3685 id
1522 3630 1556 3684 ita
1570 3629 1592 3684 si
1606 3644 1699 3684 rursus
1710 3632 1850 3696 enuntiet,

232 3713 329 3768 litetur.
346 3711 404 3778 Quo
420 3710 573 3766 factumest
593 3720 622 3766 ot
634 3712 713 3765 etiam
736 3711 758 3766 sl
774 3712 919 3767 immensus
941 3711 1016 3766 labor
1064 3719 1086 3775 si
1102 3718 1183 3773 homo
1195 3728 1234 3772 εει
1246 3759 1253 3782 ,
1267 3716 1364 3773 animai
1378 3728 1434 3785 est;
1450 3718 1491 3774 itte
1505 3714 1698 3789 propositiones
1715 3718 1851 3772 orationis

232 3808 320 3870 copto
344 3802 418 3871 operi
434 3801 502 3854 riam
523 3800 647 3871 negabat,
675 3802 781 3857 animus
795 3808 884 3857 nmen
911 3802 943 3857 ad
957 3801 1016 3858 elii-
1065 3807 1260 3879 quodammodo
1273 3808 1386 3864 diuersae
1405 3817 1487 3876 suut,
1502 3823 1559 3864 rem
1575 3821 1639 3864 reru
1651 3821 1704 3862 nott
1728 3807 1853 3863 ridentur

231 3890 355 3947 ciendum
378 3890 450 3961 qnod
464 3904 605 3962 aggressus
627 3890 713 3947 fuera!
730 3892 766 3947 ltll
791 3891 1032 3962 cotllemplalione¹
1065 3900 1388 3970 sigttificasse'ditersam.
1419 3901 1537 3957 Primum
1558 3900 1637 3970 igilur
1657 3899 1798 3955 dicendum
1813 3907 1855 3954 εει

231 3993 376 4050 sttlieeret.
391 3993 459 4063 Quid
482 3995 552 4050 enim
568 4008 693 4065 magnum
717 3993 853 4048 studiosus
880 3993 918 4048 tui
940 4006 1017 4047 amor
1066 3991 1137 4062 ottod
1150 3991 1321 4063 praedicativa
1334 3991 1482 4062 propositio
1494 3991 1549 4047 uim
1563 4005 1640 4047 suam
1655 4005 1708 4045 nott
1722 3990 1750 4045 in
1761 3989 1855 4044 condi·

231 4087 361 4154 clllccrct,
388 4088 410 4142 si
433 4087 504 4143 intra
526 4088 661 4144 lacilitatis
685 4088 815 4143 terminos
828 4087 992 4142 constitisset
1005 4085 1017 4139 l
1066 4089 1149 4157 tiotte,
1162 4089 1209 4146 sed
1222 4089 1312 4145 insola
1324 4088 1512 4159 predicatione
1521 4089 1670 4154 constituit,
1683 4088 1709 4143 in
1719 4087 1853 4143 conditio·

232 4177 308 4243 Quod
320 4178 402 4248 igitur
411 4177 480 4247 opud
492 4178 638 4246 scriptores
648 4174 755 4247 quidem
767 4176 875 4232 Graecos
889 4189 1016 4246 perquam
1067 4179 1120 4250 npli
1134 4193 1200 4234 rere
1209 4179 1406 4248 consequentiae
1417 4179 1485 4235 ratio
1495 4194 1528 4234 es
1539 4178 1689 4235 conditione
1699 4177 1852 4244 suscipitur.

232 4268 385 4323 rarissimos
396 4269 507 4323 strictim
522 4277 602 4338 atque
616 4268 737 4332 eontoee,
752 4267 821 4336 apud
835 4259 944 4322 Latinos
954 4281 1017 4322 nero
1067 4267 1170 4322 llnrsus
1185 4268 1356 4337 praedicativa
1370 4269 1483 4339 simplex
1500 4277 1542 4325 est
1556 4268 1711 4338 propositio,
1722 4265 1854 4321 conditio·

232 4356 322 4412 ttullos
339 4355 436 4426 reperi,
452 4354 478 4410 id
492 4365 542 4410 tuae
556 4355 674 4410 scientiae
687 4353 849 4420 dedicatum,
870 4362 962 4410 noster
974 4364 1017 4409 et·
1068 4356 1136 4411 nalis
1149 4370 1213 4410 rere
1227 4370 1287 4411 csse
1301 4371 1353 4410 nott
1370 4358 1477 4426 poterit,
1491 4356 1540 4411 nisi
1554 4371 1587 4413 ex
1602 4354 1777 4426 prodicatiri
1789 4368 1854 4424 pro-

233 4447 255 4500 si
283 4447 433 4510 diuturnus,
453 4446 534 4515 copti
558 4455 646 4501 tamen
671 4443 767 4500 elllcax
790 4444 866 4500 labor
888 4445 1015 4502 excoluit.
1071 4446 1247 4516 positionibus
1268 4447 1456 4517 conjungatur,
1477 4455 1506 4501 ut
1528 4460 1589 4501 cum
1610 4444 1777 4500 dicitnusrsi
1797 4443 1855 4501 oles
1947 4433 1951 4440 ’

234 4535 374 4591 lienteum
394 4536 607 4607 categoricorum
626 4534 840 4607 syllogismorum
853 4536 1018 4607 amplissime
1070 4545 1123 4602 εει,
1140 4536 1186 4591 los
1200 4545 1257 4602 est;
1272 4535 1330 4591 dies
1349 4547 1402 4601 est,
1416 4546 1495 4605 atcere
1516 4535 1560 4589 lor
1576 4542 1626 4604 cst,
1642 4534 1702 4589 dno
1719 4542 1782 4588 suot
1796 4549 1855 4603 pro-

160 4640 162 4648 ’
236 4625 356 4696 ttctitiam
382 4628 560 4696 percepisses,
591 4624 626 4681 de
649 4624 826 4697 hypotheticis
858 4593 1217 4699 syllogismitDpositiooes
1232 4626 1420 4696 praedicatis-ae,
1434 4625 1711 4696 idestsimpliecs;atl
1726 4625 1777 4680 ltoc
1791 4624 1856 4680 illud

236 4730 309 4784 sape
322 4717 471 4786 puniebas,
485 4718 512 4770 itt
524 4717 620 4785 ouibus
630 4718 814 4775 abtlristotelc
828 4718 893 4775 ttibil
904 4730 945 4775 est
954 4735 1019 4776 eon·
1072 4727 1124 4783 est,
1149 4730 1202 4787 qun
1215 4717 1331 4773 manime
1344 4717 1493 4772 declaratur
1512 4722 1685 4783 utrorumque
1696 4715 1855 4783 proprietas,

234 4805 584 4875 sr·riptom.'lbeopbrastus
594 4821 668 4878 nero,
678 4809 718 4863 nir
731 4810 818 4865 omnis
831 4808 960 4866 doctrine
972 4826 1018 4867 ca·
1070 4807 1142 4876 qood
1168 4807 1337 4877 prodicatina
1364 4807 1471 4876 quidem
1497 4804 1644 4876 propositio
1673 4803 1752 4857 habet
1775 4818 1856 4856 untntt

234 4910 297 4963 pax,
312 4910 401 4950 rernm
413 4903 514 4948 tantum
528 4910 647 4950 summas
660 4897 823 4967 exsequitur.
840 4899 973 4956 Eudemus
985 4901 1019 4955 la·
1068 4889 1220 4966 ¹subjeetum
1246 4897 1406 4962 terminum,
1429 4895 1543 4950 alterum
1565 4892 1749 4964 praedicatum.
1776 4891 1810 4945 Et
1832 4891 1857 4943 id

200 5041 203 5049 ,
234 4985 330 5040 tiorem
344 4984 456 5039 docendi
470 4983 590 5053 graditur
600 4985 679 5051 tiam,
695 4987 742 5041 scd
758 4987 795 5041 lta
810 4994 839 5041 ut
853 4988 934 5042 ueluti
946 5004 1018 5059 quae·
1072 4989 1142 5059 quod
1164 4989 1191 5043 in
1225 4991 1395 5059 praedicativa
1423 4989 1603 5059 propositione
1623 4986 1858 5057 subjicitur,illins

232 5077 295 5129 daut
318 5074 460 5130 seminaria
485 5075 626 5143 sparsisse,
647 5074 747 5129 nullum
770 5083 859 5130 umen
882 5075 965 5147 lrngis
980 5080 1019 5135 ri·
1072 5076 1209 5144 suscipere
1221 5079 1324 5136 ridetur
1340 5095 1435 5136 nomen
1448 5078 1519 5150 quod
1531 5076 1660 5133 interd-m
1676 5077 1858 5146 propositione

232 5165 327 5220 deattrr
353 5165 480 5220 entttlisse
506 5175 671 5233 protentum.
689 5163 742 5219 Vos
771 5164 862 5234 igitur,
890 5178 1018 5235 quantum
1073 5165 1295 5235 prodicalttrltoc
1309 5172 1397 5235 modo,
1413 5169 1648 5234 utcumdicimus,
1665 5167 1857 5221 bomoanimai

231 5256 330 5326 ingenii
344 5257 444 5312 viribus
454 5265 480 5311 ει
489 5253 611 5310 aptoton
624 5262 675 5308 tuae
684 5253 772 5310 studio
786 5250 946 5322 suffecimus,
959 5272 1017 5327 quan
1070 5267 1120 5322 est,
1133 5255 1213 5312 bomo
1228 5259 1375 5331 subjectum
1388 5270 1440 5329 cst,
1453 5260 1552 5316 animal
1567 5260 1750 5329 praedicatum,
1765 5266 1794 5312 et
1807 5259 1857 5310 lio·

231 5346 265 5398 ab
279 5344 335 5401 illis
345 5346 387 5401 rel
400 5345 469 5400 dicta
484 5345 608 5410 breviter,
626 5344 668 5400 ret
690 5344 811 5401 ineditus
831 5346 931 5401 omissa
941 5358 1013 5416 sunt,
1069 5362 1113 5403 mo
1129 5345 1253 5404 animalis
1265 5351 1378 5419 suscipit
1391 5365 1500 5417 nomen,
1514 5337 1574 5406 cont
1590 5350 1648 5419 ipse
1662 5348 1743 5405 bumc
1757 5351 1856 5402 animal

230 5434 389 5490 elucidanda
401 5435 542 5506 diligenter
552 5444 579 5490 ει
589 5435 722 5492 subtiliter
734 5436 915 5507 persequenda
929 5451 1016 5492 susce·
1068 5451 1128 5493 este
1155 5443 1320 5510 proponitur.
1334 5443 1368 5496 ,ιι
1382 5440 1408 5497 in
1423 5440 1465 5496 bis
1480 5440 1705 5511 propositionibus
1719 5456 1779 5511 qnae
1792 5455 1857 5495 con·

233 5527 329 5590 pimus,
353 5523 380 5576 in
405 5538 456 5592 uun
481 5539 512 5579 re
534 5533 666 5594 superatae
691 5523 854 5582 difficultatis
877 5523 1014 5594 orannim
1067 5528 1212 5586 ditionaics
1237 5531 1359 5587 dicuutur
1377 5547 1430 5586 non
1445 5531 1516 5587 idem
1535 5531 1731 5601 praedicationis
1744 5540 1786 5584 est
1800 5545 1856 5583 rno-

232 5606 299 5672 lero,
323 5611 345 5664 sl
362 5612 409 5667 tibi
426 5627 523 5668 mortus
538 5613 664 5681 implesse
686 5615 776 5670 ridear
802 5614 936 5680 amicitiae,
963 5615 1013 5669 etsi
1066 5619 1127 5675 dos.
1144 5620 1314 5692 nepocsano
1328 5623 1436 5678 omnino
1449 5622 1563 5677 alterum
1577 5621 1609 5677 de
1623 5622 1707 5675 altero
1723 5621 1853 5687 prodica-

232 5710 284 5752 tton
302 5701 393 5757 videar
407 5703 566 5760 satisfecisse
587 5705 723 5762 doctrina.
739 5707 830 5763 ernon
845 5707 1015 5778 syllogismus
1068 5719 1121 5780 tor,
1142 5711 1187 5767 sed
1207 5711 1232 5766 id
1254 5721 1356 5768 tatttom
1376 5712 1472 5769 dcitur
1490 5727 1549 5770 esse
1563 5712 1685 5777 alterurn,
1702 5712 1723 5766 si
1739 5712 1854 5767 alterurn
1950 5701 1955 5709 '
