3946 6186
226 367 296 429 lddl

830 365 886 425 tri.
907 363 1012 424 berit.
1030 350 1108 423 SRV·
1127 352 1240 416 bostri

1467 279 1495 314 Ἰ

1798 338 1876 398 lud

228 485 376 542 consistere
395 480 530 549 coiiiltcri,
552 482 579 539 in
600 482 704 539 duabus
726 495 839 554 neqare;
861 476 1147 543 catholicosAetiam
1175 467 1292 535 minus3'
1306 480 1368 522 nim
1392 465 1426 522 de
1448 455 1666 537 rs‘proposita,
1686 474 1768 536 aque
1796 457 1874 516 nibil

229 588 293 630 sero
307 575 412 642 utrique
426 573 499 629 dieto
522 572 602 629 iidem
625 573 762 642 praebere;
779 587 841 626 nani
859 580 886 626 et
903 586 937 626 es
950 571 1016 624 dua·

227 662 277 720 bus
287 679 347 719 eum
363 665 465 718 naturis
477 665 636 730 consistere,
652 678 679 718 et
692 664 719 717 in
738 663 840 717 dusbus
855 660 924 731 apud
946 676 1016 715 serie

229 756 289 814 lldci
305 766 452 813 sectatores
466 757 606 828 aequaliter
618 756 702 812 credi.
721 755 803 827 cnjrn
817 756 880 811 dicti
898 752 1017 809 novitate

229 860 381 916 percussus,
404 851 497 902 barum
526 847 757 917 conjunctionum,
781 859 841 916 quie
857 862 889 901 es
913 845 1018 901 duabus

229 939 331 993 naturis
352 939 394 992 tel
415 939 441 992 in
467 938 570 992 duabus
584 937 773 1002 consisterent,
799 933 963 990 differentias
977 934 1019 987 in·

228 1027 379 1098 quirebam,
400 1027 513 1083 multum
541 1027 644 1083 scilicet
664 1029 767 1083 reterre
781 1034 864 1091 ratiis,
882 1038 932 1078 neo
953 1031 1018 1093 puto

229 1122 308 1177 inerti
335 1121 497 1192 negligentia
525 1121 754 1191 praetereundum,
779 1117 850 1189 quod
876 1118 1019 1186 episcopus

229 1214 345 1283 scriptor
358 1214 491 1284 epistolar,
507 1221 633 1282 tanquam
656 1210 734 1266 ualde
744 1208 936 1273 necessarium,
952 1220 1020 1275 prae-

230 1307 311 1361 tenire
324 1306 468 1360 uoluisset.
485 1303 533 1358 llic
547 1317 653 1367 omncs,
677 1311 797 1373 apertam
811 1313 872 1355 esse
889 1298 1019 1353 diilieren·

229 1395 307 1461 tiam,
323 1395 530 1466 necquidquam
545 1395 571 1449 in
585 1409 617 1450 ou
632 1408 692 1450 csse
706 1393 838 1464 caliginis,
854 1390 1020 1446 inconditum

229 1489 423 1559 conliisumque
445 1498 587 1556 strepere;
603 1501 653 1541 uec
667 1486 738 1541 ullus
757 1485 785 1540 in
805 1495 879 1539 tanto
891 1483 1020 1548 tumultu,

230 1579 275 1647 qul
290 1578 386 1632 leuiter
399 1577 545 1648 attingeret
560 1577 748 1645 questionem,
764 1573 864 1630 nodum
877 1574 922 1645 qui
938 1587 1022 1642 cxpe-

231 1667 311 1735 dinei,
336 1669 460 1722 inretitus
482 1676 533 1722 est.
560 1673 574 1702 ⁸
601 1664 760 1721 desedeiam
775 1678 825 1735 eqo
839 1664 874 1718 ab
888 1678 921 1718 eo
936 1675 1018 1732 quein

231 1760 348 1814 aissime
368 1758 467 1813 intueri
488 1754 649 1827 cupiebam,
672 1755 794 1828 longius,
830 1766 911 1823 atquc
934 1753 1019 1821 adeo,

1068 582 1129 623 curii
1152 563 1258 619 caeteris
1280 557 1554 614 sentiebamzminiis
1580 571 1645 612 sero
1671 569 1752 624 quara
1774 549 1874 609 caleri

1069 656 1225 720 alierebam,
1239 651 1314 706 inisse
1336 649 1443 705 scilieet
1466 647 1589 702 scientiae
1617 644 1873 717 praesumptionem.

1070 747 1130 805 'iiiii
1156 744 1307 816 aegerrime,
1324 740 1419 806 lateas,
1446 750 1673 806 compressusque
1694 732 1874 786 inductorum

1071 851 1152 910 grege
1163 833 1294 898 conticui,
1309 839 1432 886 metuens
1448 844 1482 883 ne
1497 826 1561 895 jure
1575 825 1682 880 uiderer
1704 825 1831 884 insanus.
1848 820 1875 877 si

1071 941 1153 982 sanus
1164 927 1233 980 inter
1249 921 1365 978 iuiiosos
1380 918 1472 974 baberi
1499 914 1704 970 contenderem.
1719 914 1874 968 Meditabar

1072 1019 1153 1092 igitur
1168 1018 1267 1072 debinc
1281 1028 1375 1068 omnes
1389 1010 1480 1065 animo
1504 1007 1679 1077 questiones,
1702 1017 1754 1058 nec
1773 1003 1875 1073 deglu-

1073 1111 1171 1166 tiebam
1183 1109 1252 1178 quod
1264 1116 1433 1174 acceperam,
1447 1099 1495 1156 scd
1508 1079 1657 1167 desuetas
1667 1093 1774 1149 consilii
1788 1094 1877 1148 itera·

1074 1203 1147 1257 tione
1159 1198 1339 1256 ruminabam.
1359 1193 1479 1250 'landem
1509 1191 1592 1260 igitur
1612 1196 1722 1257 patuere
1750 1187 1871 1257 pulsanti

1072 1293 1164 1347 auimo
1181 1290 1263 1352 iures,
1286 1296 1314 1344 et
1340 1285 1441 1342 ueritas
1470 1284 1581 1337 inventa
1603 1278 1761 1350 quaerentis
1777 1293 1877 1332 omncs

1075 1386 1187 1442 nebulas
1202 1382 1361 1456 Eutychiani
1375 1376 1485 1437 reclusit
1503 1375 1621 1432 terroris.
1642 1372 1722 1430 lliide
1734 1372 1801 1426 aiibi
1816 1384 1877 1426 nia·

1073 1479 1149 1534 sime
1163 1478 1246 1533 subiit
1264 1474 1404 1539 admirari,
1417 1485 1542 1542 quanam
1560 1469 1618 1523 liure
1632 1466 1805 1520 indoctorum
1820 1462 1876 1518 lin·

1074 1571 1177 1627 minum
1187 1579 1260 1625 esset
1273 1566 1395 1631 audacia,
1411 1563 1457 1636 qui
1471 1559 1625 1618 inscientiae
1640 1558 1734 1614 uitium
1745 1570 1879 1627 prasum-

1075 1662 1175 1733 ptiunis
1189 1669 1270 1731 atque
1292 1655 1468 1727 impudentiae
1482 1653 1554 1708 nulia
1570 1658 1705 1706 conantur
1722 1647 1875 1713 obducere,

1074 1767 1137 1809 cum
1150 1767 1203 1808 noti
1222 1750 1302 1805 modo
1316 1763 1388 1819 sape
1401 1748 1428 1803 id
1451 1744 1523 1816 quod
1548 1741 1712 1814 proponitur
1730 1739 1873 1811 ignorent,

232 1851 255 1905 si
270 1851 351 1906 situm
367 1850 519 1907 sedentium
533 1848 696 1917 recorderis,
714 1863 826 1905 aversus
846 1846 1021 1917 pluribusque
1035 1861 1062 1923 B
1074 1856 1169 1898 serum
1185 1841 1213 1896 in
1239 1836 1395 1910 hujusmodi
1415 1831 1638 1892 contentionibus
1663 1846 1697 1886 ne
1720 1829 1747 1886 id
1764 1829 1877 1900 quidem

232 1940 375 2011 oppositis,
390 1942 461 1998 nesi
474 1941 615 2009 egerrime
628 1940 736 2012 quidem
759 1953 896 2012 cuperem,
918 1939 1022 1994 nultum

234 2041 382 2103 nutumque
396 2032 456 2102 cius
475 2033 596 2103 aspicere
612 2041 743 2101 poteram,
760 2043 793 2085 en
814 2043 867 2100 quo
885 2027 950 2084 mibi
971 2027 1022 2082 ati·

233 2138 285 2195 qua
302 2125 361 2192 ejus
374 2124 503 2180 darentur
525 2123 600 2194 signa
620 2122 724 2193 judicii.
740 2126 830 2193 Atque
849 2136 899 2192 eqo
914 2119 1022 2192 quidem

234 2214 301 2270 nibil
315 2215 422 2271 esteris
446 2213 563 2287 amplius
578 2213 735 2284 adorabam,
757 2215 895 2269 imovero
923 2210 1023 2281 aliquid

235 2376 325 2439 missa,
339 2383 431 2442 postea
443 2373 477 2427 ab
488 2373 614 2427 universo
627 2373 742 2428 consitio
752 2371 963 2426 Clialoedoncnsi
976 2384 1024 2440 ap·

235 2445 345 2511 probata
361 2445 519 2512 laudamque
531 2445 576 2497 sit.
593 2444 733 2498 Postremo
746 2444 791 2513 qni
807 2445 858 2497 buc
873 2444 931 2496 luco
942 2441 977 2495 de
990 2457 1023 2495 eo

235 2514 349 2568 concilio
367 2515 438 2582 loqui
453 2515 572 2567 boetium
584 2514 689 2576 credat,
702 2515 773 2583 quod
788 2515 813 2567 iii
835 2513 899 2568 urbe
919 2512 1024 2567 tumni-

236 2583 372 2638 tunntibus
384 2584 526 2650 ltceplialis
538 2595 715 2637 consonatum
730 2593 790 2639 est:
806 2584 847 2639 cui
859 2584 881 2637 si
893 2584 961 2651 quod
974 2582 1025 2636 luit

238 2654 352 2725 (cirillum
368 2664 456 2707 autem
472 2653 543 2724 luit),
563 2653 685 2708 Boetiuin
702 2668 754 2708 nori
774 2654 929 2708 interfuisse
941 2669 975 2707 es
990 2668 1025 2706 co

236 2732 351 2789 cunstat,
362 2725 433 2792 qnod
446 2739 507 2777 euni
522 2735 584 2778 tunc
598 2725 640 2777 iii
657 2731 747 2778 nutum
763 2734 901 2791 putaturus,
921 2739 980 2778 cum
992 2738 1024 2777 ea

239 2794 349 2848 heresis
363 2809 433 2849 atino
448 2795 582 2863 precipue
601 2794 664 2859 l82,
680 2809 733 2849 non
749 2797 774 2848 in
787 2795 961 2856 ticcitleiitili.
976 2793 1025 2849 sed

237 2864 367 2919 Orientali
379 2865 510 2930 Ecclesia,
523 2865 670 2920 recruduit.
682 2865 747 2920 Cum
761 2866 842 2935 igitur
852 2867 929 2919 aliter
942 2878 972 2919 se
983 2879 1026 2916 res

238 2933 345 2997 babeat,
362 2944 501 2990 tractatum
515 2935 549 2990 do
561 2936 668 2991 buabus
684 2937 789 2990 lissinis
802 2949 828 2991 et
841 2951 893 2989 iiiii
906 2935 1025 2989 Persona

236 3005 335 3061 Ctiristi
350 3021 420 3061 anno
435 3006 555 3075 t·jiisdem
571 3007 624 3062 iili
643 3007 801 3076 scrip-isse,
816 3008 928 3076 ejusque
947 3020 1026 3060 occa·

240 3080 342 3131 sionem
359 3077 427 3131 liaitc
443 3079 534 3140 luisse,
551 3078 698 3145 probabilis
712 3076 867 3147 ctiitjeetiira
882 3087 933 3131 est.
953 3077 1026 3130 Ana·

242 3151 340 3201 stasius
359 3148 423 3217 imp.
438 3147 552 3202 brianus
569 3151 595 3201 in
615 3147 764 3203 orientales
779 3150 921 3217 episcopos
935 3147 1027 3199 cutbu-

1075 1933 1147 2004 qnod
1164 1931 1215 2003 ipsi
1230 1932 1373 2002 loquuntur
1393 1926 1566 1997 intelligant:
1589 1921 1665 1995 quasi
1685 1919 1805 1976 deterior
1825 1917 1876 1975 list

1077 2022 1227 2080 inscientiae
1236 2035 1316 2077 causa
1326 2019 1389 2075 dnm
1401 2018 1509 2089 tegitur.
1520 2013 1618 2073 Sedab
1632 2012 1687 2070 illis
1700 2012 1733 2067 ad
1745 2020 1773 2066 te
1782 2021 1874 2068 trans·

1075 2131 1125 2182 ca,
1140 2115 1182 2170 cui
1203 2115 1271 2177 boc,
1291 2109 1555 2182 quantulumcunque
1575 2114 1633 2169 est,
1659 2103 1873 2159 examinandum

1077 2209 1152 2280 prius
1165 2203 1436 2276 perpendendumque
1448 2199 1614 2257 transmitto.
1628 2195 1706 2267 Quod
1720 2194 1743 2250 si
1758 2203 1835 2250 recte
1846 2209 1880 2250 se

1079 2381 1211 2450 religione
1223 2375 1390 2432 diiitcnltatis
1404 2389 1433 2428 se
1444 2387 1492 2442 per
1502 2372 1528 2425 id
1545 2377 1649 2436 tempas
1661 2365 1779 2425 oberret,
1791 2373 1840 2417 ant
1851 2362 1879 2417 si

1059 2476 1062 2483 ·
1078 2451 1154 2522 quod
1168 2449 1240 2519 piuin
1256 2447 1385 2512 seriptum
1395 2446 1429 2497 ab
1441 2441 1556 2496 eruditis
1569 2439 1700 2495 dandum
1711 2445 1783 2490 esset
1799 2435 1878 2488 reci·

1078 2521 1204 2592 uretur),
1214 2534 1273 2573 cutu
1290 2514 1371 2570 multa
1383 2513 1496 2584 probare
1509 2520 1631 2581 possunt,
1644 2520 1698 2562 tuin
1711 2522 1742 2558 ea
1755 2519 1877 2570 operum

1080 2592 1202 2648 bratonis
1225 2587 1405 2655 subscriptum
1424 2583 1500 2653 cujus
1525 2593 1627 2652 partein
1650 2577 1683 2633 b.
1710 2575 1881 2656 Siruiuntlus

1077 2663 1136 2733 jani
1148 2661 1212 2715 olim
1225 2660 1257 2713 ad
1273 2657 1422 2711 Enttodnnn
1437 2654 1631 2723 publicaverat,
1646 2663 1725 2717 quani
1743 2654 1881 2714 integrant

1078 2749 1116 2787 ei
1136 2736 1219 2787 reteri
1246 2737 1338 2783 nostro
1358 2727 1450 2782 codice
1469 2724 1680 2789 descripsimus.
1703 2714 1783 2770 Beato
1800 2718 1883 2768 l’eira

1078 2807 1221 2874 adiuuante
1234 2802 1332 2854 oblatus
1344 2810 1380 2851 est
1394 2794 1541 2868 liiijitsiiiodi
1564 2792 1646 2846 codes
1659 2789 1691 2842 al>
1706 2790 1816 2840 duotore
1830 2786 1880 2838 iiii.

1079 2890 1114 2928 es
1128 2890 1193 2928 coni.
1211 2870 1373 2924 donresticor.
1387 2882 1418 2920 ec
1429 2882 1494 2919 coni.
1508 2865 1635 2934 priuatas.
1651 2859 1808 2913 subdiacono
1818 2871 1883 2909 san·

1079 2956 1131 2998 ctos
1143 2943 1263 2996 Ecclesiae
1276 2941 1407 3003 llomanoe,
1423 2937 1564 3001 apostolico
1579 2937 1635 2986 uiro
1647 2943 1722 2997 papie
1738 2925 1843 2996 liqilio,
1857 2933 1883 2978 et

1079 3027 1212 3083 susceptis
1221 3012 1253 3063 ali
1261 3026 1290 3064 eo
1298 3025 1334 3063 iii
1344 3010 1404 3062 idas
1416 3006 1512 3077 Aprilis
1525 3007 1553 3057 r'ii
1567 3003 1726 3070 presbyterio
1738 3009 1800 3078 ante
1811 2995 1884 3050 Cois·

1081 3088 1220 3153 [rationem
1231 3083 1296 3134 benit
1306 3079 1385 3144 Petri,
1397 3095 1454 3131 cuni
1467 3077 1562 3129 ididem
1575 3075 1664 3144 plures
1673 3072 1881 3138 episcopusin·

1081 3155 1182 3291 ppteri,
1207 3153 1310 3206 diaconi
1337 3159 1361 3202 et
1390 3147 1477 3201 clerici
1500 3161 1559 3216 pars
1587 3144 1700 3196 neasiina
1720 3141 1879 3190 interessent.

239 3217 305 3272 licus
315 3216 490 3286 depositione.
502 3233 619 3281 earcere,
635 3221 729 3273 exsilio
743 3220 880 3273 saeviebat.
890 3218 927 3271 llli
940 3219 982 3269 ubi
997 3227 1066 3296 sec
1111 3242 1166 3278 uem
1180 3239 1237 3277 cum
1258 3222 1351 3275 ibidem
1375 3223 1423 3291 pyr
1439 3232 1486 3283 pro
1499 3217 1587 3284 aitqua
1602 3223 1679 3281 pum
1697 3209 1797 3278 semiss
1813 3209 1882 3262 δη.

241 3287 450 3355 religionemque
464 3289 622 3342 catliulicam
640 3292 715 3359 perdi
732 3289 918 3358 perditumque
940 3288 971 3340 iri
986 3301 1027 3339 si·

241 3358 315 3422 dent,
330 3356 363 3409 ab
376 3359 540 3427 Symmactio
553 3373 619 3427 papa
637 3374 715 3428 opem
734 3358 915 3427 auxiliumque
930 3361 1029 3426 scripta

240 3425 355 3494 epistula
366 3427 444 3498 longe
457 3429 627 3488 doctissima,
642 3444 703 3498 quas
726 3430 795 3496 apud
811 3430 956 3482 llnroiiium
972 3438 1028 3493 cst,

241 3505 343 3566 petunt.
366 3497 430 3550 Eam
455 3507 592 3564 acceptam
616 3499 794 3567 Synimictms
821 3499 912 3551 liabito
936 3497 1029 3551 llumae

242 3576 375 3621 coiircntu
390 3581 437 3619 seu
451 3569 565 3621 coneilio
576 3569 829 3635 episcoporuni,qui
844 3578 900 3622 tuin
915 3568 941 3622 iii
958 3567 1030 3621 Urbe

243 3647 329 3702 crant,
342 3638 515 3707 uirorumque
524 3639 637 3692 alioruin
646 3639 782 3706 religionis
791 3638 1030 3703 amantium,inter

243 3720 311 3779 qous
326 3708 502 3777 Symiiiacbiis
516 3718 543 3762 ct
559 3708 668 3763 boetius
680 3709 766 3773 luere,
782 3709 855 3776 legit.
878 3709 945 3762 burn
960 3722 1028 3761 ens-

244 3779 362 3832 uiinatur
373 3778 444 3832 etad
457 3792 488 3832 ea
499 3779 579 3833 verbs
591 3788 699 3834 tentum
714 3797 720 3831 :
736 3779 792 3832 Nos
804 3781 881 3840 enirn,
895 3778 1030 3831 osnuctis-

243 3847 306 3902 se‘iiie
314 3855 337 3902 et
346 3847 487 3902 beatissime
497 3848 660 3919 Spinmaclie,
671 3853 787 3905 eumdem
797 3865 850 3902 esse
857 3850 1029 3903 existimomus

170 3974 175 3982 ,
244 3931 277 3972 sis
289 3919 387 3972 dusius
401 3921 501 3974 naturis
518 3931 542 3972 et
560 3920 588 3973 iii
602 3921 700 3975 duabus
714 3922 830 3986 naturis,⁸
847 3928 871 3973 et
885 3935 935 3972 noii
950 3918 1030 3989 (eiciet

243 3987 397 4072 illitdicsnit)
408 4004 439 4044 ea
452 3990 551 4044 duabus
563 3993 662 4046 nataris
676 4008 753 4046 anem
769 3999 885 4044 iratuiam
896 3998 953 4061 post
965 3991 1030 4042 adis·

244 4069 381 4124 sobonem,
396 4063 422 4114 in
437 4061 536 4115 duabus
551 4073 636 4117 autent
649 4062 841 4118 subsistentibus
860 4062 958 4114 naturis
971 4075 1030 4112 cani

243 4132 341 4212 sititate
354 4147 404 4184 iton
413 4135 464 4202 pati
477 4132 612 4201 condicum·
623 4144 650 4187 nt
659 4150 685 4187 se
697 4134 852 4187 Asianorum
862 4132 967 4185 doceant
978 4146 1031 4184 esse

245 4201 397 4266 irritatores,
414 4203 551 4256 dicentium
566 4221 612 4273 per
630 4202 728 4258 Filium
750 4204 891 4275 glorificari
908 4202 1029 4264 Patrem,

245 4286 304 4323 enin
317 4270 386 4324 Filio
396 4282 481 4327 ostem
493 4276 608 4341 iioapati
619 4291 713 4329 seeum
724 4274 873 4344 qlorificari.
887 4273 950 4337 Sed,
964 4276 1030 4326 sicut

244 4350 333 4394 coiitra
348 4342 406 4395 illos
419 4346 559 4396 docuerunt
580 4347 673 4413 [ratres
693 4345 729 4397 tui
750 4345 903 4397 sanctissimi
920 4343 1030 4409 Patres,

245 4408 298 4463 Per
318 4423 425 4479 quemet
440 4411 503 4466 Cum
518 4431 566 4479 qno
580 4417 712 4480 nunnitus
727 4417 780 4482 pati
795 4415 877 4467 dicere
889 4429 955 4467 noi:
970 4414 1032 4481 quin

245 4479 298 4536 Pe·
309 4498 394 4550 quem,
409 4484 593 4538 inmanitatem
605 4501 614 4546 ,·
625 4486 688 4540 Cum
699 4501 767 4555 qno,
780 4485 936 4538 diuinitatem
950 4484 1032 4556 siqni-

246 4551 351 4632 {icantes
368 4553 454 4624 niopiii‘
470 4555 516 4608 liei
536 4564 561 4608 et
586 4557 728 4611 Saloatoris
747 4556 828 4609 nostri
841 4551 904 4608 desit
916 4551 1031 4617 Cdristi,·

246 4637 282 4673 stc
300 4639 367 4675 nanc
379 4625 432 4678 iltis
446 4623 486 4677 idai
498 4625 598 4678 danius
609 4628 712 4694 quidem
723 4627 823 4679 natans
830 4624 985 4687 dicentibus,
998 4622 1032 4678 bs

245 4693 344 4746 duabus
356 4704 442 4746 autem
464 4710 515 4747 non
529 4697 724 4764 confitentilmu
736 4713 781 4750 nos
796 4694 837 4749 Es
849 4696 946 4748 ditalius
961 4705 983 4746 et
998 4694 1033 4748 lii

246 4763 344 4815 duabus
355 4768 451 4832 pariter
471 4765 590 4819 dicimus.
605 4766 645 4819 lt's
659 4770 756 4821 ducalius
775 4769 843 4820 enirn
857 4767 983 4832 dicentes,
999 4782 1032 4820 ex

246 4834 335 4914 quilius
343 4834 546 4887 siibsistt'tiinr'tas
554 4854 562 4899 ,¹
570 4832 603 4889 lii
611 4837 710 4891 duabus
718 4846 811 4899 autem,
820 4836 940 4905 inquibus
951 4838 1031 4904 risus,

246 4918 313 4956 ossus
326 4912 362 4957 est
377 4912 402 4956 et
417 4905 535 4973 palpatus
555 4914 578 4959 ct
598 4923 744 4979 assumptus
768 4918 823 4975 post
846 4908 989 4972 passionem
1007 4919 1032 4959 et

246 4978 454 5028 resurrectionem
474 4977 639 5043 confitentur,
656 4989 680 5031 et
691 4995 717 5030 in
731 4979 822 5046 quidus
835 4977 913 5028 ueniet
924 4976 1031 5046 judica·

246 5052 318 5098 ierus
333 5046 401 5099 bt‘ttos
412 5055 436 5098 et
450 5057 573 5100 succinos.
599 5048 705 5101 Plurimi
721 5064 753 5103 es
769 5048 816 5104 iis.
830 5047 899 5100 liaud
923 5047 989 5100 satis
1002 5048 1029 5100 in

247 5115 327 5169 rebus
338 5114 494 5183 theologicis
502 5118 610 5180 eruditi,
622 5117 656 5171 dn
666 5132 697 5171 ca
712 5133 740 5172 rc
753 5132 813 5172 cuin
828 5116 1029 5178 disseruissent,

247 5199 334 5267 neque
348 5201 407 5240 eam
423 5187 464 5241 iel
487 5186 582 5242 leviter
596 5189 756 5257 attigissent,
779 5189 842 5256 qiud
867 5188 900 5241 de
913 5203 944 5241 ea
959 5203 1033 5255 quia·

246 5266 332 5336 stione
351 5259 465 5313 sentiret
486 5257 594 5312 lluetius
608 5259 641 5314 ad
655 5258 785 5313 loannem
799 5257 926 5311 Romane
940 5257 1032 5313 Eccle-

246 5338 294 5379 σιω
309 5336 371 5380 tunc
383 5327 537 5392 diaconum,
555 5338 645 5396 postca
660 5330 779 5396 ejusdcm
792 5328 955 5398 pontilleam,
968 5343 1033 5382 con-

249 5405 290 5477 tra
305 5396 464 5461 Nestorium,
480 5398 523 5467 qni
543 5399 646 5453 duabus
661 5401 763 5453 naturis
777 5414 904 5466 personas
920 5398 1032 5453 totidem

247 5469 424 5539 adjungebam
440 5479 466 5523 et
481 5470 672 5540 Eutyclietern,
687 5472 731 5538 qui
750 5480 871 5525 naturam
892 5484 923 5523 ae
936 5484 1031 5538 perso·

247 5551 308 5591 uarii
329 5540 434 5594 triticam
456 5540 593 5607 tuebatur,
616 5541 780 5609 perscripsit.
803 5539 941 5610 Ejusmodi
966 5554 1032 5593 reru

246 5620 392 5687 conuentus
401 5625 448 5663 seu
459 5612 573 5664 concilia
584 5611 609 5665 in
618 5611 688 5666 Urbe
700 5612 757 5665 lieri
769 5613 845 5664 solita
854 5611 910 5679 (ubi
919 5611 1032 5664 aderint

247 5682 362 5754 episcopi
379 5680 581 5747 eminentesque
593 5696 609 5735 e
621 5680 705 5743 clero,
721 5680 768 5734 sed
783 5691 810 5734 et
821 5691 960 5734 senatores
975 5678 1033 5745 ple·

247 5759 323 5828 rtqnc
337 5765 368 5802 ac
378 5752 422 5802 alii
433 5750 481 5802 siri
497 5765 604 5818 qraiies,
615 5751 659 5820 qui
676 5751 711 5803 ob
726 5751 849 5818 pictatem
866 5752 952 5816 singul
963 5765 1032 5804 trem

246 5820 360 5888 rstsqiosi
379 5819 548 5883 dicebamur,
559 5834 672 5888 «quorum
687 5820 714 5874 in
728 5828 874 5888 conspectu
885 5820 907 5875 si
919 5819 983 5888 qtiid
1001 5820 1032 5876 in

1081 3306 1184 3366 ,misus
1194 3296 1233 3347 oir
1248 3290 1398 3345 oenmaii'ls‘s
1413 3287 1571 3354 primicerius
1584 3283 1682 3338 sclioloe
1697 3281 1880 3341 riccarioruni,

1081 3382 1111 3419 its
1122 3366 1224 3419 scriniis
1235 3363 1305 3416 dedit
1318 3361 1432 3415 ecclesias
1442 3355 1632 3410 collocandum.
1653 3351 1688 3405 Cn
1688 3352 1734 3422 jus
1746 3349 1885 3402 ierititutli·

1081 3452 1142 3490 item
1158 3435 1264 3489 litterati
1284 3446 1370 3486 omnes
1386 3428 1525 3482 doctissimi
1549 3425 1672 3478 continuo
1688 3428 1839 3497 roqaoerunt
1852 3428 1882 3471 ut

1081 3521 1141 3560 eutii
1144 3505 1247 3576 juberet
1259 3502 1359 3574 publice
1369 3501 1482 3554 recitari.
1496 3497 1571 3562 Quod
1581 3510 1640 3547 cuni
1649 3492 1708 3557 sieri
1718 3495 1884 3568 precepisset

1082 3578 1112 3630 t'a
1122 3575 1228 3629 eccleda
1241 3574 1308 3627 leoli
1320 3570 1392 3625 Pctrt‘
1406 3578 1576 3639 quteoacstar
1585 3567 1619 3618 ad
1635 3562 1760 3625 Vincula,
1773 3559 1881 3638 reliqio-

1083 3662 1170 3701 sarain
1187 3645 1263 3698 turia
1286 3642 1414 3709 conuenit,
1430 3649 1505 3706 atque
1524 3636 1610 3691 eodem
1627 3635 1736 3687 Aratore
1757 3637 1883 3711 recitante

1108 3721 1113 3731 ’
1132 3716 1221 3769 'unctis
1234 3713 1321 3768 dicias
1331 3713 1405 3766 annio
1416 3711 1476 3764 libri
1488 3707 1629 3763 nutricibus
1641 3710 1702 3758 sunt
1711 3703 1808 3753 auditi:
1819 3713 1881 3750 cuni

1085 3803 1162 3841 unius
1176 3786 1296 3839 medietas
1307 3782 1366 3837 tilrt
1379 3779 1556 3836 tantummodo
1568 3777 1708 3845 ieqerernr,
1720 3777 1820 3850 propter
1836 3783 1881 3821 re·

1083 3860 1217 3929 petitiones
1240 3857 1376 3920 assiduas,
1391 3865 1523 3922 quoscum
1537 3848 1621 3920 {auore
1643 3842 1779 3912 nisltiplici
1790 3849 1878 3919 postu·

1086 3931 1181 3982 labant.
1199 3925 1297 3979 Eadem
1310 3925 1365 3979 liccc
1376 3922 1494 3991 repetitio
1511 3919 1579 3991 iacto
1592 3925 1630 3973 esi
1645 3916 1686 3967 liis
1695 3913 1783 3968 ateius
1794 3927 1804 3965 .·
1816 3907 1881 3962 Pii·

1083 4015 1128 4051 sna
1151 3997 1190 4052 id.
1205 3997 1320 4064 Aprilis;
1335 3993 1447 4049 secunda
1471 3991 1579 4044 xstcal.
1602 3986 1686 4050 statq-
1705 3990 1796 4050 quarta
1819 3990 1882 4059 ufic

1081 4083 1115 4124 sti
1129 4071 1179 4123 cal.
1195 4068 1306 4130 lunias,
1327 4067 1400 4118 tertio
1424 4076 1491 4114 anno
1502 4071 1559 4142 post
1570 4056 1731 4112 eoiimlatum
1755 4047 1881 4130 Basilisci

1083 4138 1120 4193 t.
1131 4139 1175 4203 C„
1185 4138 1324 4192 indictione
1334 4151 1382 4203 iti,
1393 4147 1440 4189 sen
1454 4142 1544 4202 potuis
1556 4129 1651 4184 Basilii
1661 4140 1671 4180 :
1682 4124 1733 4178 lico
1742 4131 1784 4176 est
1797 4134 1881 4173 aimi-

1084 4225 1147 4265 rum
1160 4224 1232 4264 atino
1246 4208 1308 4263 titt.

1123 4345 1313 4420 “Symmacho
1329 4344 1455 4399 nimimm
1472 4357 1571 4398 socero
1585 4355 1649 4402 sun,
1665 4347 1743 4406 quem
1765 4340 1884 4414 utraque

1084 4419 1177 4488 linqua
1192 4418 1339 4482 eruditum,
1357 4416 1501 4469 saeculares
1515 4424 1662 4476 sacrasque
1684 4417 1777 4459 omnes
1797 4402 1883 4456 disci-

1085 4489 1176 4560 plinas
1201 4489 1379 4554 scientiaeque
1402 4484 1566 4548 callentem,
1585 4481 1747 4546 scriptorum
1772 4486 1884 4556 sitorum

1087 4560 1190 4628 ,passim
1214 4573 1356 4612 censorem
1371 4556 1511 4610 constituit
1537 4553 1656 4608 Bnetins.
1674 4547 1826 4624 Grauitatis·
1839 4557 1887 4625 sa·

1085 4633 1251 4699 pisanaque
1273 4640 1385 4681 summae
1405 4636 1519 4680 testatur
1541 4621 1679 4676 Enttodius
1694 4615 1886 4695 Pnraenestdi3

1084 4701 1231 4764 «lassatim,
1248 4699 1291 4751 ubi
1317 4696 1434 4765 elogium
1448 4696 1508 4763 ejus
1535 4695 1585 4748 boc
1611 4690 1730 4758 reperias
1749 4702 1756 4740 :
1774 4682 1886 4738 Patricio

1090 4770 1184 4824 Festus
1193 4781 1216 4824 et
1224 4761 1737 4838 Spmsiiadtus,omnismdisciplinarsm
1747 4756 1854 4810 materia
1862 4763 1887 4808 et

1085 4850 1234 4894 constantes
1249 4848 1330 4905 inimo
1346 4836 1496 4904 sapientire,
1519 4837 1552 4887 ab
1566 4833 1625 4885 iside
1640 4828 1818 4882 sacratissima
1833 4841 1886 4878 nori

1084 4912 1223 4965 tundunt.
1242 4907 1274 4961 ln
1291 4908 1355 4976 ipsis
1368 4917 1405 4960 est
1417 4907 1512 4959 nolitis
1531 4904 1611 4958 curia
1633 4901 1809 4968 principatus.¹
1823 4911 1889 4977 quos

1092 4983 1199 5041 uidisse,
1215 4979 1311 5032 erudiri
1330 4987 1377 5031 est.
1403 4975 1464 5028 tllon
1477 4975 1553 5041 apud
1567 4988 1607 5025 eos
1622 4986 1703 5024 serino
1715 4971 1745 5022 de
1762 4967 1889 5045 ludicris,

1086 5068 1137 5106 ¹inec
1150 5050 1363 5119 pantomimorum
1381 5048 1423 5101 cis
1435 5045 1596 5117 iquoscenda
1606 5038 1822 5095 commemoratio.
1841 5034 1889 5088 llli

1084 5138 1181 5174 ›anrani
1192 5118 1343 5191 popularem
1356 5134 1401 5184 per
1414 5117 1521 5184 pudoris
1531 5114 1686 5167 detrimenta
1696 5125 1747 5162 nori
1761 5108 1867 5174 capi'isnl
1879 5120 1889 5158 .·

1084 5191 1204 5245 contenti
1214 5192 1287 5244 rectis
1298 5189 1379 5257 maqt's
1391 5191 1502 5257 placere,
1514 5200 1595 5256 quiam
1606 5181 1733 5253 plurimis,
1744 5180 1891 5256 sortiuntur
1907 5201 1924 5217 ο

1093 5263 1124 5316 de
1138 5259 1267 5314 innocenti
1282 5259 1381 5311 actione
1397 5259 1584 5310 testiniosiisni.
1604 5252 1717 5306 litorum
1731 5249 1847 5316 quamuis
1863 5262 1890 5299 in

1085 5332 1208 5385 omnibus
1224 5333 1295 5400 iussa
1308 5329 1436 5393 sequenda
1446 5328 1513 5391 sint,
1527 5335 1570 5378 esi
1591 5334 1672 5377 tataeit
1685 5321 1713 5374 i'n
1727 5320 1780 5373 illis
1794 5329 1816 5373 et
1830 5334 1890 5370 ino·

1093 5404 1172 5473 qistra
1186 5400 1358 5462 taciturnitas,
1374 5407 1397 5451 et
1411 5398 1506 5450 eruditi
1531 5397 1620 5465 formo
1634 5391 1738 5445 silentii.
1755 5390 1889 5444 Pietatem

1085 5473 1151 5540 eins
1161 5471 1287 5525 delensus
1300 5469 1334 5523 ab
1346 5481 1378 5522 eo
1391 5478 1483 5522 contra
1496 5464 1674 5521 baul‘entium
1686 5460 1891 5516 schismaticum

1086 5541 1269 5612 ⁴symmachus
1283 5552 1353 5608 papa
1369 5538 1470 5602 sensit;
1485 5552 1539 5607 qus
1557 5535 1599 5590 ¹de
1614 5549 1643 5587 re
1656 5531 1689 5587 nd
1711 5547 1773 5585 eum
1794 5530 1891 5585 Auitus

1095 5612 1255 5666 Viennensis
1268 5610 1372 5664 scribit.
1389 5610 1478 5674 Qitarc
1502 5623 1556 5661 non
1573 5604 1674 5661 mirum
1693 5601 1716 5655 sl
1738 5612 1841 5654 sanctiss
1857 5598 1893 5653 als

1087 5683 1153 5749 insu
1165 5682 1224 5750 ejus
1238 5693 1348 5748 genera,
1363 5680 1401 5731 air
1412 5680 1493 5732 etiam
1509 5687 1583 5731 totns·
1594 5690 1627 5728 es
1638 5673 1765 5740 sapientia
1786 5671 1894 5727 uirtutis

1087 5754 1187 5818 -liusqne
1198 5755 1295 5816 tacius,
1311 5749 1428 5821 denique
1444 5746 1658 5820 pretiosissimum
1669 5741 1766 5813 pneris
1784 5739 1895 5795 lisnisnl

1092 5825 1172 5878 deciis
1185 5829 1305 5877 tucatur.

1582 5960 1600 5986 Δ
