3946 6186
207 317 241 377 ts
446 342 448 346 ·
824 317 880 376 an.
901 276 1231 378 nannetensem
1541 283 1545 292 ’
1815 313 1848 364 eo
1907 312 1912 326 ¹

159 504 162 513 ¹
206 438 396 496 constitutine.
421 436 612 495 constitutivas
633 437 693 494 illas
713 437 850 507 dirimas,
871 454 931 510 qnae
953 436 1044 501 snbA

208 529 303 587 erdem
319 531 365 586 blo
379 531 475 603 posite
493 539 522 588 et
539 531 702 586 subalternis
720 531 866 603 generibus
886 532 1001 588 descen·

207 621 303 678 dentes
315 624 434 693 speciem
446 622 588 694 quamdam
600 622 746 679 inlormant
757 632 837 694 atque
851 622 1001 693 perficiunt,

208 723 238 771 ut
258 723 299 770 est
321 715 451 771 rationale
465 716 507 771 rel
526 715 650 783 mortale,
667 733 727 787 quae
746 717 864 773 bominis
883 718 1002 789 speciem

208 811 386 866 constituunt.
411 810 485 865 Alias
499 825 564 867 rere
579 810 744 882 divisibiles,
760 827 820 881 quae
833 827 918 883 penus
935 813 1004 867 diri-

209 900 285 968 dunt,
294 918 346 958 non
357 903 474 972 speciem
490 902 644 972 informant,
661 903 688 958 id
701 915 741 959 εει
754 904 885 961 rationale
897 914 925 960 ει
936 906 1004 960 irra-

212 994 321 1058 tionale,
329 994 442 1050 mortale
453 995 647 1052 ctimmortale.
657 995 732 1052 Nunc
740 996 773 1052 de
781 996 939 1053 differentiis
951 996 1004 1051 illis

210 1085 261 1142 iste
283 1095 411 1143 tractatus
427 1086 541 1143 babetur
556 1105 615 1157 que
628 1104 713 1158 penus
728 1090 860 1157 dividunt,
876 1104 929 1144 nun
944 1104 1004 1161 que

214 1178 331 1248 speciem
345 1182 523 1237 culustituunt:
532 1182 600 1238 Nam
613 1183 666 1238 illae
675 1199 735 1253 quae
745 1198 831 1256 genus
842 1184 964 1240 dividunt
976 1184 1005 1240 iti

212 1268 534 1345 dlliercntiaruminthro
546 1276 605 1330 luco
618 1276 798 1347 accipiuntur,
813 1277 1006 1347 illaereroquae

209 1364 326 1432 speciem
347 1367 512 1422 constituunt
531 1368 556 1421 in
572 1368 723 1438 specierum
741 1384 922 1442 generumque
942 1370 1006 1426 sob-

209 1456 335 1510 stantiarn
343 1457 519 1526 accipiuntur.
529 1459 785 1531 Namquerationalc
797 1462 1006 1532 mortalisgenus

210 1553 262 1602 cst.
285 1547 369 1602 Porro
382 1549 496 1605 mortale
512 1548 627 1606 beminis
644 1561 800 1622 pernoscet,
816 1561 844 1607 et
862 1551 920 1607 istae
940 1567 1006 1606 cun·

210 1641 323 1695 stltuuut
338 1642 467 1712 speciem.
492 1644 526 1699 llt
542 1658 606 1700 rere
623 1644 754 1700 rationale
768 1644 930 1700 irrationalis
946 1660 1008 1714 spe·

210 1733 265 1788 cies
280 1747 332 1788 nun
347 1745 407 1803 est,
422 1751 508 1806 neque
527 1750 622 1806 pertus.
643 1738 699 1795 Nee
715 1739 827 1794 mortale
845 1739 1006 1794 immortalis

1200 457 1233 497 ne
1247 455 1414 498 ommentans
1425 454 1536 499 sensura
1549 457 1582 497 sn
1596 454 1707 496 sescum.

1090 530 1166 587 Nune
1190 540 1279 588 autem
1294 532 1328 589 de
1349 536 1456 603 pencris
1474 532 1517 588 rel
1531 533 1631 604 speciei
1649 531 1848 588 communitati·

1055 622 1107 679 bus
1132 625 1394 696 proprietatibusque
1420 635 1568 689 tractatur,
1589 635 1617 680 et
1638 624 1703 680 dicit
1718 638 1802 695 penus
1821 631 1851 681 et

1054 717 1171 787 speciem
1196 734 1339 775 commune
1361 719 1462 775 babere
1490 719 1525 774 dc
1551 718 1672 788 pluribus
1699 717 1850 787 predicari,

1054 809 1123 865 sicut
1137 811 1238 866 dictum
1252 821 1303 867 εει.
1321 812 1386 867 llam
1399 827 1484 884 genus
1497 821 1524 867 et
1534 810 1570 866 de
1580 810 1720 880 speciebus
1731 811 1852 880 pluribus

1055 902 1216 972 predicatur
1230 915 1256 959 et
1271 906 1305 962 de
1319 921 1412 960 eertum
1433 905 1590 960 indiuiduis.
1611 904 1644 958 lit
1661 905 1725 959 item
1746 904 1852 972 species

1056 998 1090 1051 dc
1102 995 1153 1051 snb
1166 1010 1197 1053 se
1211 997 1331 1067 plurimis
1348 998 1493 1053 individuis
1507 996 1672 1066 appellatur,
1686 1004 1714 1049 et
1728 994 1771 1047 bic
1784 1009 1853 1062 quo·

1055 1104 1109 1160 que
1121 1091 1174 1146 illae
1187 1091 1290 1160 species
1305 1090 1482 1162 accipiuntur,
1494 1105 1554 1159 qne
1568 1077 1651 1158 magis
1663 1088 1768 1158 species
1777 1095 1850 1142 sunt.

1056 1182 1123 1238 Nam
1144 1183 1167 1239 si
1189 1185 1351 1238 subalternae
1368 1184 1552 1253 accipinutur,
1575 1197 1628 1235 non
1648 1181 1733 1248 magis
1747 1180 1854 1247 species

1056 1288 1136 1344 quam
1149 1289 1248 1346 genera
1263 1274 1432 1330 ridebuntur.
1447 1273 1513 1329 Nam
1532 1253 1592 1342 quie
1607 1273 1769 1327 subalterne
1788 1285 1853 1339 spe·

1058 1366 1113 1422 cies
1127 1374 1209 1433 sunt,
1226 1365 1309 1421 etiarn
1327 1380 1426 1436 genera
1442 1374 1525 1432 sunt,
1546 1376 1574 1420 et
1589 1364 1641 1420 erit
1658 1363 1804 1418 absordum
1826 1373 1855 1418 et

1058 1457 1121 1513 bnic
1140 1458 1318 1529 propositioni
1338 1458 1533 1513 inconveniens
1549 1455 1583 1511 ds
1596 1469 1724 1525 perieram
1739 1454 1809 1508 inter
1825 1466 1857 1507 se

1058 1556 1217 1613 dillerentiis
1232 1554 1519 1622 communionibusque
1535 1562 1660 1607 tractare.
1684 1551 1856 1618 decipiantur

1059 1653 1141 1720 igitur
1153 1651 1206 1706 iilae
1222 1659 1324 1705 tantum
1337 1649 1452 1718 species,
1466 1663 1525 1716 que
1538 1646 1641 1714 species
1655 1654 1682 1698 ct
1697 1643 1782 1712 nregis
1795 1655 1858 1709 spe·
1938 1703 1941 1707 Α

1059 1747 1114 1802 cies
1129 1744 1309 1816 appellantur.
1335 1742 1384 1797 Est
1407 1742 1487 1796 etiam
1510 1740 1561 1794 alia
1577 1753 1670 1793 eurtum
1689 1735 1856 1801 cnmrnunio,

211 1839 297 1896 nsque
312 1841 396 1898 genus
411 1843 499 1898 neque
511 1829 616 1899 species
630 1840 681 1887 est.
702 1833 789 1902 Atque
803 1831 862 1887 ideo
877 1830 1005 1902 quoniam
1018 1827 1045 1891 B
1058 1837 1129 1908 quud
1144 1837 1215 1892 sicut
1233 1850 1318 1907 genus
1333 1850 1347 1887 a
1364 1832 1455 1903 specie
1474 1831 1589 1902 primum
1613 1837 1673 1893 εει,
1693 1826 1732 1881 εἰε
1752 1829 1857 1895 species

211 1922 346 1993 propriam
360 1925 414 1977 olm
426 1923 638 1980 differentiarum
649 1925 699 1980 istu
710 1926 837 1993 retinent,
849 1941 909 1993 quae
920 1939 1008 1997 neque

212 2029 311 2085 genera
325 2033 411 2088 neque
424 2019 528 2089 species
540 2019 591 2076 slbi
604 2020 716 2076 inuicem
729 2037 788 2078 esse
799 2032 922 2093 possunt,
936 2021 1008 2091 ipsas

214 2128 284 2168 nune
299 2112 465 2170 differentias
481 2114 644 2186 accipiamus
664 2115 807 2185 inquibus
832 2116 903 2171 nulla
924 2131 1008 2187 qnan-

210 2210 266 2260 tum
281 2205 314 2260 ad
326 2216 411 2274 genus
423 2216 464 2261 cst
476 2206 649 2280 speciemque
660 2208 853 2264 communitas.
869 2207 916 2263 Est
926 2208 1007 2263 etiam

149 2284 152 2291 ¹
211 2299 318 2368 generis
334 2299 494 2357 dillerentia.
515 2299 634 2371 Neuruque
651 2315 736 2372 genus
758 2316 773 2355 a
793 2301 908 2370 propriis
929 2299 1009 2355 ditiou

212 2388 306 2443 tentiis
323 2389 395 2456 prius
409 2398 461 2445 est.
474 2363 598 2462 dantque
612 2392 635 2447 si
650 2392 795 2448 abstuleris
809 2407 904 2462 genus,
915 2406 1010 2449 omnes

215 2482 294 2534 simul
309 2480 474 2536 differentias
495 2484 639 2540 abstulisti.
665 2483 731 2539 Nam
746 2486 768 2540 si
792 2485 936 2548 abstuleris
950 2487 1010 2542 ani·

215 2572 281 2638 rtral,
293 2572 424 2626 rationale
439 2583 520 2641 atque
531 2573 686 2630 irrationale
696 2590 748 2629 nort
763 2586 913 2632 remanent.
926 2577 1010 2633 Portu

213 2671 303 2719 aetem
317 2662 340 2717 si
356 2663 486 2718 rationale
501 2663 664 2732 abstuleris,
682 2674 805 2725 remanet
822 2666 932 2721 animal.
955 2666 1009 2722 Sed

214 2756 237 2811 si
253 2768 380 2828 utrasque
394 2756 564 2814 interemeris
578 2756 761 2825 differentias,
783 2758 809 2814 id
826 2769 867 2815 est
879 2760 1010 2818 rationale

214 2856 241 2902 et
256 2847 426 2918 irrationale,
444 2858 532 2919 potest
546 2856 635 2904 tamen
649 2849 783 2920 quoddam
799 2851 920 2921 intelligi,
935 2851 1006 2921 quud

214 2939 248 2994 sit
261 2940 409 2999 substantia
431 2943 548 2999 animata
564 2944 719 3010 sensibilis,
740 2944 766 3000 id
781 2953 824 3002 εει
837 2946 946 3002 animal,
968 2947 1008 3003 lta

214 3048 299 3103 penos
320 3034 453 3090 sublatum
476 3051 571 3094 orrrncs
597 3050 688 3094 secam
717 3036 805 3094 aulert
832 3038 1008 3095 differentias.

132 3191 135 3195 ,
215 3124 334 3180 bublate
357 3123 516 3181 differentiae
540 3141 625 3196 pentus
649 3141 740 3182 seeum
766 3142 817 3200 nep
840 3126 1010 3199 interimunt,

216 3216 288 3285 quoad
312 3216 488 3286 intelligentia
512 3231 598 3287 penus
621 3224 763 3282 remanet,
788 3216 814 3272 id
830 3228 870 3273 εει
885 3219 1050 3289 quoniame

218 3315 307 3374 potest
329 3305 426 3362 animal
448 3307 559 3378 intelligi
579 3318 678 3377 praeter
697 3308 882 3375 differentias,
905 3319 935 3365 ιιι
954 3311 1013 3381 eius

218 3407 321 3454 tanturn
336 3398 519 3455 detritionem
535 3401 626 3474 animo
639 3402 742 3472 sapiae,
752 3410 781 3458 et
792 3417 852 3458 esse
863 3403 938 3458 dicas
949 3404 1015 3460 sub·

216 3490 342 3548 stnrrtiarn
364 3493 509 3547 animatam
533 3502 615 3562 atque
637 3495 799 3550 sensibilem.
833 3495 899 3563 Quae
923 3505 1013 3552 antem

216 3584 280 3645 tutta
294 3593 373 3653 sunt,
390 3595 418 3640 ut
433 3589 490 3656 ipsa
504 3587 664 3655 interempta
680 3590 851 3657 interimant,
866 3606 919 3646 trun
933 3591 1014 3648 simul

217 3677 278 3735 aliis
297 3679 468 3751 interemptis
483 3681 540 3751 ipsa
556 3681 762 3751 interimantur,
779 3684 869 3753 priora
883 3693 945 3740 sunt
961 3683 1015 3740 iilis

217 3789 278 3841 qnae
303 3785 413 3844 pessum
435 3776 601 3833 interimere.
626 3776 674 3835 Est
688 3779 769 3833 etiam
785 3778 835 3832 alia
851 3776 1013 3849 differentia,

218 3865 288 3935 quod
311 3881 396 3936 penus
418 3881 528 3938 semper
543 3869 569 3923 in
584 3882 618 3924 eo
630 3869 701 3939 quud
716 3869 778 3940 quid
795 3869 827 3924 sit
842 3869 1015 3940 predicatur,

219 3966 248 4012 ut
261 3958 363 4016 dictum
382 3970 441 4028 est,
455 3962 607 4021 dillereutia
622 3979 686 4021 uero
702 3966 728 4022 in
743 3980 776 4020 eu
794 3965 864 4036 quud
878 3966 956 4035 quale
969 3966 1015 4021 sit.

218 4048 273 4106 Sed
287 4050 336 4106 boe
352 4051 519 4122 lrcquentius
532 4055 696 4113 inculcatum
710 4066 769 4122 est,
790 4067 870 4126 atque
884 4056 945 4111 ideo
960 4057 985 4111 id
1001 4071 1016 4111 a

221 4141 299 4197 nubis
314 4145 571 4211 pretermittendum
593 4157 645 4202 εει.
670 4148 717 4203 Est
732 4148 811 4202 ctiam
826 4147 878 4202 alia
891 4148 1018 4204 differen-

219 4233 277 4303 tia„
292 4233 363 4303 quud
378 4235 412 4290 ad
427 4251 535 4293 omnem
549 4235 668 4306 speciem
691 4252 773 4292 unum
801 4252 908 4307 semper
933 4253 1018 4308 penus

221 4334 337 4394 aptatur.
360 4326 447 4385 lionae
460 4329 532 4383 enim
553 4343 634 4384 nurum
652 4337 755 4386 tanturn
770 4343 857 4400 genus
876 4328 973 4394 lrabct,
990 4339 1019 4386 ιιι

222 4419 322 4474 animal
334 4419 485 4491 appelletur
501 4436 509 4474 a
524 4421 550 4475 in
566 4434 648 4475 unam
662 4430 751 4479 autem
767 4421 883 4490 speciem
897 4419 1019 4490 plurimae

221 4511 380 4570 differentiae
403 4524 530 4585 poterunt
553 4514 729 4571 commodari.
756 4512 877 4584 Namque
898 4515 978 4568 lromo
993 4521 1020 4568 ct

222 4606 353 4663 rationale
368 4618 426 4674 est,
442 4622 502 4679 quae
517 4606 669 4663 differentia
688 4615 748 4673 εει,
764 4616 792 4664 ει
812 4605 944 4674 mortale,
960 4606 1059 4676 quel)

221 4697 317 4754 eedem
339 4697 489 4755 differentia
509 4709 561 4766 εει,
587 4708 615 4756 ει
637 4699 774 4770 sensibile,
797 4697 894 4769 quibus
916 4696 1020 4751 scilicet

223 4791 348 4848 ominibus
366 4792 425 4847 allis
440 4792 537 4848 differt.
560 4792 654 4847 bidert
667 4794 738 4847 enim
753 4792 794 4846 bis
809 4791 934 4847 omnibus
947 4788 1019 4859 quod

225 4890 362 4948 senstbtttr
386 4900 427 4947 εει
445 4891 479 4946 ab
496 4891 713 4955 insensibilibus,
733 4892 805 4963 quod
823 4892 961 4947 rationalis
986 4892 1019 4947 ab

227 4992 473 5061 irrationabilibus,
489 4993 560 5065 quod
573 4993 693 5049 mortalis
707 4992 741 5047 ab
752 4992 956 5049 immortalibus.
974 4993 1022 5052 Est

227 5095 309 5150 etiam
325 5092 376 5148 alia
389 5092 538 5148 diderentia
563 5107 623 5164 quae
643 5093 767 5162 superins
788 5091 859 5147 dicta
882 5103 933 5147 est.
953 5092 1021 5147 Nam

138 5177 145 5188 ’
228 5204 312 5260 gertus
327 5187 425 5259 speciei
445 5186 481 5243 ita
497 5197 538 5243 εει
550 5195 581 5241 ιιι
594 5188 737 5253 materies,
754 5184 902 5241 differentia
915 5201 979 5241 vero
992 5196 1022 5242 ut

228 5287 322 5354 ligura.
348 5283 414 5339 Nam
436 5283 508 5340 sicut
528 5284 555 5338 in
568 5282 629 5337 aeris
650 5282 789 5337 materiem
804 5280 916 5336 veniens
938 5280 1022 5350 ligura

228 5388 342 5434 statuam
367 5377 469 5446 ellicit,
485 5378 521 5433 ita
546 5375 674 5442 animali,
696 5376 723 5432 id
738 5385 779 5430 εει
799 5376 891 5446 generi
912 5375 1023 5429 veniens

229 5470 400 5537 differentia,
422 5471 447 5526 id
462 5482 504 5526 est
523 5471 654 5526 rattiunale
669 5469 712 5525 tei
732 5468 886 5524 irrationale
900 5468 962 5521 iacit
976 5467 1023 5522 bu·

232 5564 313 5618 ruinis
326 5563 369 5619 rel
382 5563 490 5633 pecudis
501 5569 630 5632 speciem.
641 5562 706 5628 Qttre
719 5570 809 5616 autem
820 5559 1027 5614 communitates

231 5655 274 5709 sel
289 5655 468 5725 proprietates
477 5655 583 5724 pencris
594 5664 621 5710 et
635 5653 793 5709 dillerentiae
804 5652 920 5713 iuuerunt,
934 5649 1027 5705 baete·

232 5768 283 5809 ιιιιε
298 5752 374 5814 dixit.
391 5761 419 5808 ει
433 5753 548 5807 luctasse
563 5762 641 5807 crunt
659 5754 739 5807 ctiam
758 5751 828 5819 alie,
845 5766 904 5820 qnae
920 5727 1028 5822 propter

234 5845 393 5909 brenuton
404 5844 614 5918 supersedendae
628 5856 708 5916 atque
721 5843 888 5902 dimittendis
899 5851 973 5903 sutrt.

1060 1928 1095 1984 ab
1109 1927 1253 1984 individuis
1267 1927 1361 1996 prime
1373 1933 1445 1979 sunt.
1456 1921 1522 1978 Nam
1533 1921 1555 1976 si
1567 1935 1651 1992 gertus
1666 1918 1784 1985 adieras,
1796 1930 1857 1985 spe-

1061 2022 1115 2078 cies
1135 2019 1278 2077 abstulisti.
1304 2018 1333 2075 Si
1359 2018 1463 2086 speeies
1490 2013 1654 2079 abstuleris,
1681 2024 1780 2080 genera
1804 2022 1858 2062 nuta

1062 2113 1196 2186 peribunt.
1215 2112 1300 2167 Purra
1315 2110 1338 2164 si
1353 2109 1459 2178 species
1473 2104 1629 2172 abstuleris,
1647 2100 1783 2156 individua
1798 2112 1858 2152 ms-

1061 2206 1174 2261 rientur.
1191 2204 1219 2259 Si
1232 2201 1370 2257 individua
1385 2197 1549 2261 interierint,
1560 2196 1667 2264 species
1681 2189 1858 2247 mansuetior

1063 2297 1143 2352 etiam
1158 2294 1258 2350 bisalia
1270 2292 1436 2361 cummunio,
1449 2289 1520 2361 quud
1535 2283 1761 2358 quemadmodum
1774 2292 1859 2352 genna

1064 2388 1126 2460 qnid
1140 2387 1176 2442 sit
1188 2396 1272 2441 totum
1285 2385 1414 2452 declarat,
1426 2383 1465 2437 sie
1476 2382 1556 2436 etiarn
1568 2379 1682 2450 species.
1696 2375 1762 2431 Nam
1778 2383 1859 2431 totum

1064 2479 1137 2553 quud
1154 2488 1194 2536 est
1208 2479 1355 2546 rationale,
1371 2485 1449 2546 atque
1465 2471 1648 2530 irratiurralea
1663 2468 1762 2539 gernere
1774 2465 1859 2521 decla-

1066 2586 1154 2631 ratum
1172 2583 1222 2629 est.
1239 2572 1340 2626 Dicitur
1354 2570 1425 2625 enim
1439 2564 1568 2638 quidquid
1583 2562 1663 2618 interit
1677 2559 1806 2616 rationale
1822 2556 1860 2621 vel

1065 2666 1233 2728 irrationale,
1252 2664 1277 2719 id
1291 2678 1350 2719 csse
1364 2661 1463 2716 animal
1485 2678 1492 2715 :
1510 2660 1548 2713 sic
1564 2658 1643 2727 igitur
1655 2663 1739 2710 tutttnt
1755 2651 1818 2721 quid
1830 2650 1859 2709 ιι

1064 2772 1079 2811 a
1095 2772 1194 2826 genere
1215 2756 1389 2812 declaratum.
1415 2754 1499 2808 Porro
1519 2759 1607 2805 autem
1621 2747 1685 2817 qttid
1700 2748 1734 2801 sit
1749 2755 1800 2801 tota
1816 2742 1859 2795 bu·

1064 2853 1166 2907 minum
1183 2849 1335 2916 diversitas,
1349 2847 1376 2906 id
1390 2856 1432 2904 est
1444 2846 1654 2905 indiuiduorum.
1670 2859 1686 2898 a
1701 2842 1757 2897 sula
1772 2837 1860 2910 specie

1065 2947 1228 3012 declarator,
1239 2961 1299 3000 cunr
1311 2943 1408 2998 dicitur
1418 2942 1510 2997 luunnu.
1523 2939 1589 2996 Nam
1600 2946 1627 2992 et
1636 2936 1736 3008 Scytba
1747 2947 1772 2988 et
1785 2934 1862 2995 lndttt

1064 3050 1093 3096 et
1106 3047 1189 3095 tutum
1204 3036 1333 3108 quidquid
1347 3033 1512 3090 indiuiduam
1527 3040 1580 3098 εει,
1595 3044 1649 3086 unu
1664 3028 1722 3087 snio
1735 3025 1861 3092 bortrinis,

1066 3131 1092 3188 id
1106 3140 1148 3188 est
1161 3129 1262 3201 speciei
1274 3128 1384 3184 nomine
1394 3125 1557 3182 mortinetur.

1221 3265 1254 3305 ne
1274 3261 1394 3303 nnesnns
1411 3257 1524 3301 oenenrs
1543 3257 1578 3297 er
1597 3253 1709 3296 snsctst.

1102 3343 1230 3398 bissenis
1265 3342 1346 3411 igitur
1377 3339 1485 3409 generis
1506 3334 1661 3405 specieique
1693 3332 1862 3407 eurrrmunio·

1065 3436 1155 3501 nibus,
1175 3434 1210 3490 ad
1225 3432 1405 3505 proprietates
1420 3445 1513 3486 eurum
1529 3427 1572 3483 uei
1589 3426 1754 3483 differentias
1769 3427 1863 3482 transi·

1067 3541 1123 3587 tum
1139 3530 1220 3594 lecit,
1236 3528 1329 3583 dicens
1346 3544 1352 3580 :

1102 3623 1213 3692 Differre
1223 3623 1290 3677 inter
1300 3638 1326 3678 sc
1336 3637 1416 3692 perros
1428 3627 1451 3673 et
1461 3618 1567 3689 specics,
1579 3615 1649 3686 quud
1663 3629 1757 3684 quarere
1768 3613 1863 3681 species

1066 3720 1206 3784 continent,
1218 3733 1349 3788 nunquam
1360 3730 1450 3771 turtur
1463 3728 1557 3786 qeneru
1569 3709 1600 3763 ub
1611 3709 1721 3780 propriis
1733 3704 1863 3776 speciebus

1067 3811 1236 3865 continentur.

1103 3903 1216 3973 Oportet
1229 3910 1318 3956 antem
1334 3900 1375 3972 (ut
1389 3899 1489 3953 dictum
1503 3893 1557 3966 εει)
1572 3896 1599 3950 iu
1614 3894 1666 3949 buc
1681 3901 1795 3947 tractatu
1811 3903 1865 3945 nutt

1068 3995 1253 4059 subalternas,
1277 3991 1323 4047 sed
1347 3991 1433 4060 magis
1450 3991 1554 4058 species
1576 3984 1754 4041 eurmiderari.
1776 3982 1865 4039 Genua

1069 4090 1142 4144 enim
1159 4087 1334 4157 plurimarum
1349 4084 1498 4153 specierum
1513 4090 1555 4137 est
1568 4080 1719 4140 continens,
1741 4088 1768 4131 et
1784 4090 1866 4132 unum

1069 4179 1208 4242 omniurn,
1224 4188 1250 4232 et
1266 4184 1352 4230 totum
1366 4173 1492 4229 omnibns
1510 4183 1538 4228 ει
1553 4171 1677 4240 singulis.
1699 4168 1774 4236 Quod
1791 4170 1813 4221 si
1830 4168 1867 4223 ita

1069 4282 1119 4336 cst,
1135 4279 1163 4324 ει
1176 4283 1260 4338 gertus
1274 4281 1289 4320 a
1304 4267 1360 4321 suis
1373 4264 1516 4335 speciebus
1531 4264 1645 4332 singulis
1660 4262 1747 4331 majus
1761 4271 1812 4328 cst,
1828 4271 1866 4317 at-

1070 4377 1122 4433 que
1137 4361 1196 4416 ideu
1212 4374 1258 4414 eas
1273 4358 1372 4413 dicitnr
1384 4356 1544 4422 corrtinere,
1560 4371 1613 4411 nun
1625 4363 1667 4409 est
1681 4355 1789 4409 dubium
1803 4354 1867 4422 quin

1070 4471 1102 4511 ea
1117 4456 1175 4522 ipsa
1190 4468 1289 4525 genera
1310 4467 1371 4523 quae
1393 4451 1533 4507 continent
1554 4448 1676 4519 species,
1698 4447 1732 4502 ab
1747 4447 1788 4501 bis
1803 4446 1868 4514 ips'u

1072 4547 1203 4603 contineri
1224 4560 1276 4600 non
1296 4545 1409 4615 possint.
1431 4542 1542 4611 insuper
1555 4541 1645 4596 omnia
1661 4553 1760 4611 genera
1776 4539 1868 4607 praeiu-

1071 4651 1143 4697 cent.
1167 4640 1224 4696 line
1238 4638 1345 4695 uidetur
1360 4637 1468 4702 dicere,
1486 4637 1555 4705 quod
1572 4635 1661 4690 omnia
1680 4648 1779 4703 periero
1797 4632 1868 4697 purius

1072 4736 1127 4790 sint
1144 4733 1178 4788 ab
1194 4733 1235 4788 bis
1250 4731 1391 4803 speciebus
1404 4745 1465 4800 quar
1478 4729 1528 4785 snb
1543 4729 1607 4799 ipsis
1622 4728 1714 4797 positae
1727 4726 1870 4780 corrtinen-

1074 4839 1126 4882 tnr.
1153 4826 1218 4880 Nam
1243 4825 1321 4880 sicuti
1336 4823 1463 4877 materies
1487 4822 1571 4890 prima
1585 4829 1627 4876 εει
1646 4820 1680 4872 ab
1698 4819 1743 4873 illa
1764 4833 1794 4872 re
1811 4831 1870 4885 quar

1074 4922 1185 4975 veniens
1198 4920 1224 4974 in
1239 4918 1379 4973 materiam
1396 4915 1513 4971 turmam
1529 4913 1700 4970 constituerit
1712 4921 1792 4979 atque
1806 4911 1869 4978 ligu-

1074 5011 1187 5071 rauerit,
1203 5011 1241 5064 sie
1254 5009 1333 5065 etiam
1349 5008 1422 5076 prius
1435 5016 1477 5062 est
1490 5022 1574 5075 genus
1586 5005 1620 5058 ab
1630 5005 1676 5057 illa
1689 5003 1779 5071 specie
1790 5017 1870 5069 quam

1074 5103 1186 5158 ueniens
1209 5100 1359 5157 differentia
1382 5099 1507 5154 iurtnavit
1534 5097 1614 5167 atqu'c
1637 5096 1788 5151 corrstituit.
1814 5095 1870 5154 bisi

1076 5188 1870 5264 eninringeneribusdilienentiatenerit,speeiesnunquum

1077 5287 1284 5341 constituentur.
1304 5287 1392 5352 Quare
1412 5285 1573 5354 praejacent,
1594 5282 1619 5336 id
1636 5291 1825 5351 aspremont,
1846 5291 1871 5337 et

1077 5379 1230 5450 antiquiora
1245 5389 1308 5434 sunt
1320 5394 1420 5449 peraeta
1436 5378 1577 5447 speciebus
1591 5377 1658 5431 suis.
1676 5382 1762 5446 litque
1777 5377 1837 5431 ideo
1849 5375 1870 5431 ai

1078 5487 1177 5544 genera
1192 5474 1395 5535 interimantur,
1411 5470 1515 5539 species
1528 5485 1634 5541 qnoque
1648 5470 1782 5540 peribunt.
1807 5469 1871 5522 liam

1079 5569 1101 5622 si
1115 5567 1213 5623 animal
1227 5567 1380 5637 sustuleris,
1388 5565 1523 5619 bominem
1533 5565 1717 5635 pecudemque
1729 5545 1871 5618 sustulisti.

1080 5661 1108 5715 Si
1132 5675 1196 5714 uero
1220 5661 1322 5729 spectes
1343 5659 1548 5727 interimantur,
1570 5674 1622 5712 non
1647 5659 1774 5712 continuo
1788 5669 1871 5726 genui

1080 5752 1212 5809 interibit.
1227 5752 1293 5807 Nam
1304 5752 1327 5806 si
1339 5752 1420 5807 bomo
1432 5752 1552 5822 perierit,
1566 5751 1665 5807 animal
1677 5750 1808 5805 continuo
1821 5765 1871 5805 rtur

1081 5843 1273 5915 intoenptum
1284 5840 1869 5930 estsAuliaeeiurreruanebitspeeiesdsnua
