3968 6174
166 340 200 397 sa
728 336 763 395 lii
781 331 1006 395 maculatim
1025 332 1194 392 atatedits
1213 332 1245 391 ll.
1536 332 1544 345 '
1767 336 1800 394 ta

164 455 376 528 disputationem
397 451 544 518 transtulit.
566 461 594 511 ει
607 453 672 512 dicit
689 469 782 510 eornm
802 469 878 510 raras
892 453 960 509 alias
972 452 998 515 Α
1011 450 1132 505 rideatur
1145 448 1195 504 ista
1207 445 1372 502 communia.
1387 445 1434 501 list
1448 446 1520 502 anim
1534 447 1569 503 ita
1580 447 1730 506 dednitum.
1743 452 1798 506 Ac·

167 561 230 603 csse
245 546 456 613 communitates,
472 544 522 598 nisi
539 544 587 598 has
602 544 671 599 salas
690 544 762 615 quod
783 543 816 599 de
838 543 959 613 pluribus
1010 542 1103 597 cidens
1117 551 1158 596 εει
1174 540 1244 610 qaod
1258 538 1370 594 iuiertur
1386 548 1413 593 et
1428 538 1549 594 aufertur
1567 541 1625 595 sine
1638 541 1697 611 ejas
1708 542 1735 597 iu
1745 557 1800 613 qua

168 638 356 707 praedicantur.
376 635 466 705 Longe
488 636 561 689 enim
583 649 598 689 a
611 650 640 690 se
658 635 759 691 distare
782 634 916 703 videntur,
933 635 960 689 ia
1010 644 1052 690 est
1063 633 1183 689 interita.
1198 631 1274 700 Quod
1288 647 1358 686 narnc
1370 631 1421 686 dici
1433 632 1538 686 unietur
1552 632 1610 688 sine
1625 633 1800 694 itisconstare

170 731 315 785 substantia
329 728 368 784 sui
383 737 410 782 et
425 728 452 782 in
468 736 599 797 potestate
611 726 730 799 patiendi
750 739 830 798 atque
845 724 961 783 iacieudi
1011 740 1063 781 non
1080 740 1166 794 passe,
1193 739 1253 778 cum
1269 724 1392 791 superias
1405 723 1464 777 sine
1477 737 1571 777 cartam
1594 717 1704 781 interitu
1722 742 1800 798 passe
1855 720 1858 729 '

170 822 199 875 id
212 821 279 892 qaod
291 821 368 875 aiicai
382 819 491 882 accidit.
503 829 529 874 ει
542 819 568 873 id
580 821 622 874 cai
635 819 742 875 accidit.
759 820 878 890 Nautaque
895 818 961 876 iiiad
1010 819 1145 873 diceretur
1159 815 1268 871 auicrri.
1286 815 1340 871 Sed
1364 816 1413 869 boc
1433 815 1512 869 modo
1527 815 1636 883 dicitur,
1657 831 1711 871 nau
1730 818 1801 890 quad

170 915 213 969 cui
233 913 333 977 accidit,
351 913 427 983 quasi
448 912 580 982 quoddam
603 912 803 969 fundamentum
826 923 868 968 cst
891 913 963 968 acci·
1011 908 1033 966 si
1048 910 1186 965 aaicratar
1198 908 1250 963 inae
1263 906 1388 962 accidens
1404 907 1597 976 inseparabile,
1613 909 1726 965 intereat
1737 912 1801 968 iliad

170 1005 264 1060 dentis.
277 1003 342 1059 iilud
355 1018 422 1058 vera
436 1002 506 1073 qaod
521 1003 628 1071 accidit,
640 1015 739 1073 prater
751 1005 777 1058 id
791 1005 834 1060 cui
848 1004 959 1071 accidit,
1011 1002 1054 1057 cui
1068 1001 1175 1067 accidit,
1189 1001 1235 1055 sed
1251 1000 1376 1070 quoniam
1391 1001 1510 1068 separari
1527 1015 1579 1054 non
1591 1010 1689 1070 pateat,
1703 1002 1803 1060 ideirco

168 1110 228 1152 ease
242 1095 269 1150 in
284 1095 326 1150 sui
339 1094 489 1149 substantia
503 1108 556 1147 nnn
573 1103 670 1162 protest.
1012 1094 1071 1149 sine
1085 1092 1127 1148 iaie
1145 1101 1270 1148 catastam
1282 1107 1334 1145 non
1350 1089 1446 1161 possit.
1464 1091 1512 1146 Est
1522 1093 1602 1147 etiam
1616 1092 1803 1162 inseparabilia

421 1204 454 1242 ae
474 1202 592 1241 enaaaus
613 1204 711 1242 canas.
1013 1187 1158 1242 accidentis
1182 1197 1209 1241 et
1236 1184 1336 1255 proprii
1363 1185 1415 1239 aiia
1438 1187 1607 1254 communia,
1635 1189 1706 1259 qaod
1734 1191 1804 1247 sicut

203 1281 315 1351 Propria
326 1297 390 1337 vera
401 1280 564 1351 singularum
578 1292 640 1336 sant
652 1281 719 1349 brec,
735 1282 804 1350 quad
818 1282 920 1352 species
935 1281 962 1336 in
1013 1292 1039 1335 et
1054 1281 1125 1334 ouini
1152 1287 1179 1333 et
1194 1293 1300 1348 semper
1326 1277 1396 1332 inest
1412 1278 1547 1346 propriam
1568 1280 1609 1333 cai
1626 1281 1705 1346 inest,
1721 1282 1746 1336 id
1763 1290 1804 1341 εει

166 1390 202 1431 ea
212 1373 284 1444 quod
297 1373 360 1444 quid
372 1377 407 1428 sit
419 1373 589 1443 predicatur,
599 1373 723 1428 accidens
732 1388 796 1428 vera
809 1375 835 1429 in
848 1388 882 1429 ea
893 1370 962 1442 qum
1013 1368 1116 1426 bantini
1134 1370 1252 1442 (seniper
1267 1369 1337 1424 enim
1360 1377 1388 1423 ct
1413 1371 1501 1424 omnis
1516 1370 1595 1426 bama
1610 1372 1718 1429 risibilis
1738 1356 1803 1445 est),

166 1469 250 1538 quaie
271 1468 305 1520 sit
325 1476 354 1521 ει
371 1465 567 1534 quodammado
591 1479 620 1518 se
641 1465 751 1519 babens.
776 1465 840 1518 Nam
864 1466 964 1534 siquis
1014 1466 1053 1520 sic
1067 1469 1145 1518 ctiam
1170 1464 1309 1534 quodlibet
1323 1463 1449 1518 accidens
1472 1450 1659 1534 inseparabile,
1682 1474 1710 1521 et
1730 1471 1804 1525 omni

169 1560 257 1622 dicat,
271 1557 335 1628 qaid
348 1557 472 1611 Socrates
486 1565 537 1622 εει,
553 1554 634 1609 bama
649 1556 755 1610 dicitur.
776 1556 803 1611 Si
819 1556 963 1625 quisdicat
1015 1569 1042 1613 et
1060 1572 1166 1625 semper
1177 1568 1216 1611 εει
1230 1555 1352 1610 accidens
1366 1556 1554 1624 inseparabile.
1569 1556 1688 1627 Namque
1703 1568 1729 1614 ει
1743 1573 1804 1613 om-

169 1650 261 1720 qnaiis
273 1649 323 1713 sit,
344 1647 435 1701 caitus
451 1647 492 1700 rei
509 1646 594 1701 simus
613 1646 770 1714 appellatur.
786 1645 813 1700 Si
828 1646 887 1718 qais
900 1659 965 1700 rere
988 1676 991 1681 ,
1016 1650 1178 1714 aisantias,
1194 1653 1221 1700 et
1230 1661 1337 1715 semper
1351 1648 1426 1715 niger
1441 1654 1492 1700 est.
1509 1645 1572 1702 Saia
1583 1659 1671 1704 autern
1686 1663 1746 1704 cum
1760 1665 1804 1704 se·

169 1739 307 1810 quonamia
320 1752 351 1792 se
365 1737 483 1802 babeas,
498 1734 595 1789 sedens
609 1742 655 1788 aaut
667 1736 759 1802 jacens
773 1734 963 1804 appellabitur.
1016 1737 1179 1808 paabiiibus
1204 1736 1388 1791 accidentibus
1415 1738 1459 1791 iiia
1483 1738 1636 1793 cantamunia
1657 1749 1708 1806 εει,
1735 1740 1804 1810 qttad

168 1833 236 1887 item
254 1832 280 1885 ia
300 1829 350 1884 iaac
372 1828 497 1882 differant
517 1827 587 1898 qaod
619 1840 786 1898 unaquaque
810 1826 962 1884 substantia
978 1827 1001 1889 B
1015 1832 1238 1903 quemadmodum
1254 1831 1287 1886 de
1303 1832 1393 1887 maltis
1416 1832 1560 1889 individuis
1584 1836 1719 1904 propriant
1734 1852 1804 1905 prae-

166 1939 250 1980 anam
272 1924 388 1992 speciem
411 1921 501 1977 babet.
529 1921 649 1990 Namque
670 1923 788 1976 bominis
812 1922 962 1978 substantia
1014 1924 1130 1990 dicatur,
1146 1924 1181 1977 ita
1195 1922 1275 1976 ctiam
1291 1923 1416 1979 accidens
1431 1925 1464 1979 de
1489 1926 1580 1980 multis
1595 1927 1738 1983 individuis
1759 1946 1804 1999 po·

169 2030 250 2074 anam
265 2017 349 2073 salam
365 2016 479 2072 inaminis
494 2015 611 2085 spetiem
626 2015 716 2068 babet.
730 2014 883 2071 Substantia
897 2032 964 2072 nera
1016 2027 1066 2072 test
1089 2016 1237 2083 praedicari.
1262 2015 1356 2070 i'iuras
1368 2018 1440 2072 enim
1468 2024 1590 2085 currant,
1611 2016 1701 2088 plures
1724 2021 1804 2078 etiam

167 2125 340 2182 sequentiam
355 2110 515 2179 soliuseqai
533 2111 651 2179 speciem
669 2108 759 2164 babet.
783 2113 818 2164 itt
829 2125 896 2165 vero
911 2126 963 2166 truta
1014 2105 1162 2174 midunium,
1180 2121 1239 2175 quae
1253 2106 1355 2160 scilieet
1378 2105 1526 2161 accidentia
1552 2108 1711 2177 separabilia
1731 2119 1804 2173 situi.

168 2205 320 2261 substantia
348 2205 422 2272 piura
441 2202 596 2272 frequenter
623 2203 769 2258 accidentia
801 2204 962 2260 continebit.
1015 2199 1238 2271 queamdmodum
1256 2199 1681 2267 piurespossuntesserisibiies.

169 2296 237 2351 iiam
262 2305 288 2351 et
308 2294 336 2349 in
362 2295 456 2348 codem
481 2308 550 2364 equa
574 2294 695 2363 «quadam
724 2310 786 2363 pars
808 2294 964 2366 irequemer
1268 2306 1301 2344 εε
1321 2306 1437 2345 arcenus
1456 2307 1556 2347 sunau.

167 2389 243 2458 nigra
258 2387 390 2459 quadam,
407 2386 467 2440 alba
484 2395 536 2440 εει.
558 2386 591 2440 Et
604 2396 646 2441 εει
666 2388 736 2441 ιεεε
751 2391 907 2454 proceritas,
922 2396 965 2444 εει
1051 2380 1181 2435 [liliatum
1195 2388 1284 2435 autem
1312 2379 1373 2446 ista,
1389 2381 1458 2449 (quad
1475 2385 1611 2451 propriam
1639 2396 1745 2454 semper
1758 2385 1805 2444 uni

168 2481 292 2543 altitudo,
317 2488 358 2533 est
385 2478 529 2548 aquilinam
553 2488 645 2547 caput,
669 2490 695 2534 et
718 2480 768 2533 alia
798 2480 961 2549 baja-modi.
1014 2472 1112 2539 speciei
1127 2473 1205 2538 incst,
1228 2472 1351 2528 accidens
1365 2488 1428 2527 uera
1443 2475 1572 2543 pluribus.
1587 2475 1652 2531 liam
1680 2478 1805 2535 accidens

167 2570 258 2625 ilabet
271 2571 351 2624 etiam
365 2583 419 2623 nan
433 2569 519 2623 solnm
535 2569 712 2639 inseparabile
727 2570 854 2624 accidens
868 2570 963 2627 eadem
1013 2564 1134 2636 pluribus
1147 2565 1286 2634 speciebus
1315 2575 1344 2620 et
1356 2565 1480 2620 animatis
1496 2577 1522 2621 et
1538 2568 1689 2625 inanimatis
1703 2573 1802 2639 evenit,

170 2664 335 2727 substantia,
348 2661 396 2717 scd
411 2663 490 2716 etiam
505 2665 662 2732 separabile.
690 2663 755 2717 liam
772 2663 962 2735 iantassean.
1012 2671 1042 2712 ut
1057 2670 1097 2713 εει
1111 2657 1195 2712 ebena
1211 2658 1327 2728 nigrum,
1345 2672 1424 2713 aaran
1439 2661 1555 2728 nigrum,
1573 2660 1673 2717 bamini
1684 2663 1804 2735 AEtbiapi

170 2754 238 2809 dam
257 2754 335 2808 εειεε
353 2752 404 2816 εει,
425 2761 450 2807 ει
470 2752 537 2807 idem
554 2753 633 2808 etiam
655 2767 770 2822 corpore
791 2755 892 2809 ualidas
911 2764 961 2819 est,
1014 2751 1129 2820 aigrmu.
1147 2750 1256 2804 itisibiie
1269 2764 1332 2805 vern
1347 2749 1424 2817 nulii,
1442 2751 1492 2804 nisi
1516 2751 1566 2805 soii
1588 2752 1701 2809 bamini.
1717 2759 1804 2827 Atque

175 2844 343 2899 idemetiam
357 2843 502 2911 sagittatur,
520 2853 671 2898 etcaetera.
697 2844 753 2897 iiuc
771 2846 873 2899 accedit
892 2845 963 2915 quod
1014 2845 1076 2898 idco
1102 2844 1252 2897 carnacrsinn
1282 2844 1418 2911 proprium
1443 2842 1613 2911 praedicator,
1641 2846 1701 2916 qaia
1726 2850 1804 2904 unias

176 2936 281 3003 species
304 2944 509 3003 pnaeaaacnatar,
530 2935 556 2989 id
578 2945 620 2991 εει
640 2937 891 3006 preintetttgnntnr,
913 2939 963 2993 irae
1014 2937 1112 3006 speciei
1128 2934 1331 2997 caminensem,
1353 2942 1380 2987 et
1400 2934 1437 2987 iiii
1451 2935 1548 3003 speciei
1564 2935 1614 2989 soii
1628 2938 1738 3006 equalis
1751 2947 1804 2995 εει.

174 3033 298 3081 estante
321 3040 380 3080 esse
402 3039 599 3094 cognoscamur
625 3043 704 3098 qaam
733 3029 892 3084 accidentia,
928 3029 963 3085 Et
1014 3029 1048 3082 Αι
1072 3042 1135 3080 acra
1162 3025 1286 3079 accidens
1301 3024 1449 3078 conversim
1475 3024 1612 3092 predicari
1629 3038 1682 3081 noa
1706 3037 1804 3097 potest,

170 3119 246 3188 prius
257 3118 308 3171 erit
322 3117 408 3187 aiiqaa
424 3133 468 3173 res
481 3120 524 3172 abi
541 3119 654 3185 accidat,
666 3134 746 3189 quam
763 3121 806 3174 iiia
817 3135 878 3190 quac
888 3120 960 3175 acci·
1015 3121 1076 3193 quia
1089 3122 1178 3190 piures
1193 3118 1242 3173 sub
1257 3133 1286 3172 se
1296 3119 1399 3187 species
1409 3117 1497 3173 babet.
1514 3117 1570 3173 Noa
1580 3118 1651 3173 caini
1663 3130 1750 3189 potest
1764 3121 1806 3178 di·

172 3209 224 3276 dit,
237 3217 263 3264 et
273 3208 397 3278 quioniam
410 3212 514 3278 species
533 3219 575 3264 εει
592 3211 742 3280 subjectum
758 3214 903 3266 accidentis
918 3213 962 3268 abi
976 3199 1000 3261 G
1015 3230 1077 3271 cere
1092 3215 1117 3271 id
1133 3229 1193 3269 εεεε
1217 3214 1321 3283 nigram
1345 3215 1413 3282 quad
1429 3212 1554 3278 ebenum,
1577 3228 1638 3268 cnm
1660 3213 1732 3269 dicas
1757 3215 1807 3272 irae

170 3298 298 3355 accidens
320 3300 437 3366 accidat,
458 3300 573 3372 ideaque
594 3312 656 3357 autc
678 3303 783 3373 species
804 3303 964 3374 intelligitur
1015 3323 1076 3364 esse
1090 3309 1204 3363 ebenum
1219 3305 1289 3376 quad
1305 3306 1418 3374 rniprunu.
1436 3305 1527 3360 Potest
1540 3308 1612 3359 euim
1628 3319 1688 3361 esse
1702 3307 1807 3378 rugatam

170 3408 234 3450 esse
255 3407 336 3461 quana
358 3393 493 3448 accidens.
525 3392 683 3449 accidentia
697 3408 762 3450 raro
785 3404 878 3464 pastea
902 3407 964 3450 nata
1016 3411 1044 3455 ει
1057 3414 1112 3454 εεε
1126 3411 1186 3453 εεεε
1200 3397 1326 3452 ebenum.
1342 3396 1444 3452 Deinde
1466 3412 1546 3452 amne
1560 3399 1696 3469 propriain
1720 3415 1808 3471 aequa-

170 3494 248 3550 saat,
263 3486 288 3540 iti
302 3496 374 3541 esta
389 3487 453 3542 iaris
467 3487 599 3541 remensia
619 3499 647 3542 et
661 3497 799 3556 eatranea,
816 3503 831 3543 a
845 3491 967 3558 qualibet
1016 3492 1079 3547 iiter
1101 3507 1131 3546 se
1151 3491 1193 3545 inis
1207 3491 1287 3545 rebus
1301 3506 1360 3560 quac
1375 3490 1425 3544 sab
1448 3505 1478 3544 sc
1496 3489 1595 3546 iaerint
1610 3492 1696 3547 dotet
1721 3494 1755 3550 ab
1768 3493 1811 3550 itia

172 3579 473 3644 iiiasabataatia‚etiarn
482 3581 503 3633 si
512 3581 697 3649 inseparabilia
708 3591 782 3635 snut.
793 3581 968 3652 iiacquoqae
1018 3584 1156 3654 aequaliter
1178 3583 1363 3652 participatur.
1383 3584 1508 3638 Socrates
1532 3585 1602 3638 euim
1627 3596 1653 3639 et
1675 3584 1770 3642 Cicera
1784 3595 1811 3644 ct

173 3672 674 3743 eatearamseparatia.quodsemper
687 3659 847 3745 omniaque
861 3676 969 3744 partici-
1019 3674 1153 3744 iergiiias
1169 3674 1307 3742 aequaliter
1322 3683 1349 3727 et
1366 3673 1459 3727 risibili
1473 3674 1644 3744 participant,
1660 3685 1688 3730 ct
1703 3677 1811 3749 aquali-

175 3765 500 3835 pantspecie‚requaiiter
513 3766 682 3834 participant.
695 3767 845 3838 AEqaaiiter
855 3768 928 3823 enim
942 3774 970 3822 et
1020 3779 1062 3824 ter
1089 3769 1204 3823 risibiles
1234 3776 1306 3821 sant.
1332 3768 1366 3820 ιι
1392 3782 1456 3840 reru
1480 3767 1606 3823 accidens
1632 3783 1684 3824 nan
1708 3786 1813 3842 semper

178 3857 305 3914 Socrates
316 3859 445 3914 eiCicero
455 3869 482 3914 et
492 3858 567 3913 Plato
579 3870 642 3914 satu
655 3861 786 3916 nomines.
801 3864 834 3915 Αι
846 3876 911 3915 vero
923 3861 969 3915 iiia
1021 3861 1158 3930 aeqraaiiter
1172 3867 1213 3914 εει
1233 3860 1368 3913 accidens.
1385 3858 1477 3913 Potest
1497 3861 1568 3915 enirn
1584 3861 1734 3932 ‹pnicuuqae
1754 3877 1813 3921 esse

180 3966 245 4021 qaae
259 3953 413 4021 participant
426 3952 568 4018 accidenti,
584 3954 692 4010 etiamsi
705 3953 886 4022 inseparabile
896 3956 966 4009 acci·
1022 3956 1171 4024 procerior,
1186 3961 1214 4007 ει
1234 3954 1303 4006 alius
1317 3966 1377 4006 esse
1390 3951 1520 4020 uelocior.
1535 3951 1611 4018 Quod
1627 3952 1728 4007 scilicet
1750 3953 1814 4011 iliud

178 4041 321 4106 deussit,
351 4030 441 4098 'tannen
464 4058 519 4096 nan
542 4044 681 4112 aquaiiter
703 4045 870 4112 participant.
904 4045 970 4098 iiam
1024 4045 1173 4115 separabile
1189 4053 1230 4099 εει
1250 4043 1386 4106 accidens,
1413 4039 1479 4095 iliad
1504 4039 1691 4111 inseparabile.
1714 4043 1815 4098 Etim-

179 4135 305 4203 quamvis
320 4135 496 4203 inseparabile
510 4136 546 4190 sit
558 4135 685 4190 accidens
700 4136 874 4205 AEthinpibas
888 4139 972 4207 niqris
1024 4146 1098 4192 tasse
1122 4135 1181 4191 atie
1206 4148 1299 4188 earam
1321 4134 1441 4203 quadam
1456 4132 1634 4204 proprietates
1657 4141 1684 4188 et
1697 4147 1815 4190 cammu-

177 4239 253 4290 esse,
262 4236 352 4280 camec
365 4237 407 4280 εει
419 4226 516 4296 aliquia
531 4228 599 4282 inter
613 4229 685 4297 ipsas
697 4228 809 4297 niqriar,
819 4243 867 4284 uec
878 4244 973 4284 omncs
1025 4232 1121 4285 ninnes
1135 4242 1196 4284 εεεε
1219 4227 1369 4282 rideantur.
1382 4224 1435 4282 Sed
1449 4240 1531 4293 nanc,
1553 4236 1679 4297 qnantum
1698 4226 1816 4282 introdu-

179 4315 227 4370 i1ia
242 4316 381 4387 nigredine
396 4318 533 4388 aequaiiaer
546 4320 714 4387 participant.
1025 4325 1107 4378 atiani
1117 4332 1158 4378 sat
1168 4330 1219 4386 εει,
1230 4320 1280 4376 iata
1291 4320 1433 4375 saiticiaat.
1443 4317 1496 4374 Sed
1506 4319 1627 4390 jamtibi,
1641 4319 1716 4384 Fabi,
1729 4322 1816 4382 anania

293 4430 327 4470 nr
344 4403 509 4472 caicamus
526 4432 629 4472 manna
647 4425 683 4473 er
702 4432 867 4473 accmnurrs.
1026 4428 1194 4485 quacunque
1218 4414 1252 4467 ad
1277 4413 1501 4468 introductionem
1518 4411 1658 4483 i‘orpbyrii
1672 4412 1817 4481 pertinsem,

218 4505 390 4576 Relinquitur
412 4509 492 4578 iqitar
514 4509 549 4565 de
571 4510 759 4565 camamanibns
783 4511 881 4578 proprii
902 4507 973 4562 acci·
1029 4510 1135 4578 plenius
1159 4507 1321 4577 tiberiusque
1343 4514 1455 4560 tractata
1482 4516 1553 4559 satu.
1571 4504 1711 4559 Postrero
1724 4507 1746 4558 si
1762 4507 1817 4574 qui·

177 4598 324 4668 dentisque
339 4608 461 4655 tractare.
479 4600 544 4656 iiam
560 4605 696 4671 propriam
717 4605 779 4673 qaid
803 4605 913 4658 distaret
930 4602 971 4657 aei
986 4574 1014 4635 Ῑ)
1027 4603 1088 4655 dem
1102 4614 1216 4670 anquam
1228 4614 1272 4654 me
1284 4599 1404 4668 egueris,
1420 4597 1515 4652 studiis
1527 4597 1677 4666 praesertim
1693 4598 1745 4651 tuis
1760 4610 1817 4665 quaa

176 4690 973 4761 aspecie‚reiagenere,reiadideaentiasapcriasde-
1027 4694 1099 4747 naiia
1126 4704 1241 4761 unquam
1270 4690 1410 4744 honestata
1440 4695 1593 4753 cartaerunt,
1619 4688 1705 4743 iibens
1730 4689 1818 4752 anima

177 4790 362 4838 monstratam
388 4792 440 4838 est.
467 4782 607 4853 Propriam
632 4794 720 4839 autem
745 4795 772 4838 ει
795 4782 974 4852 inseparabile
1028 4787 1201 4852 hortatorque
1215 4782 1248 4838 ad
1266 4782 1373 4838 easdem
1396 4782 1554 4851 cupiditates
1577 4781 1688 4853 parebo.
1705 4780 1755 4838 ilic
1770 4781 1818 4837 Fa·

177 4872 312 4929 accidens
323 4887 465 4931 commane
487 4876 601 4943 babent,
616 4876 688 4946 quad
703 4877 761 4931 siue
782 4877 823 4929 bis
839 4889 973 4943 nunquam
1030 4879 1090 4934 bias
1103 4897 1108 4930 :
1121 4877 1173 4943 iu,
1188 4877 1285 4946 inquit,
1300 4883 1412 4945 patema
1425 4871 1480 4930 irari
1492 4874 1557 4929 mibi
1570 4877 1658 4930 animo
1670 4876 1819 4945 poiiiceris;

178 4965 337 5020 consbtaat
350 4980 380 5019 ca
399 4981 460 5037 quae
472 4981 566 5022 earam
590 4968 760 5036 participant,
785 4967 854 5022 etin
877 4967 974 5036 quibas
1029 4987 1124 5028 seram
1140 4980 1189 5043 ega
1202 4986 1336 5041 nunquam
1350 4971 1472 5026 «leticiam
1487 4970 1520 5026 ab
1536 4970 1575 5023 bis
1591 4968 1697 5034 stadiis,
1714 4981 1740 5024 te
1754 4983 1819 5037 prae·

186 5057 248 5124 ipsa
257 5053 476 5111 considerantur.
490 5057 557 5114 Nam
569 5072 656 5127 oeque
671 5059 751 5112 bama
764 5058 862 5112 amittit
874 5059 977 5113 risibile
1030 5065 1123 5120 sertim
1132 5065 1279 5131 docente,a
1291 5079 1343 5134 qao
1352 5072 1434 5118 tatann
1443 5065 1554 5117 iartasse
1563 5063 1653 5133 logicae
1660 5060 1819 5128 Aristotelis,

189 5159 258 5213 asae,
283 5162 333 5203 nac
354 5147 478 5218 AEtitiaps
491 5160 537 5206 aut
554 5164 661 5211 carrus.
684 5153 798 5222 riguam.
816 5160 903 5219 Atque
917 5151 978 5207 idea
1030 5159 1112 5213 siritu
1119 5159 1355 5227 sappetit,capiam
1369 5157 1547 5226 disciplinam.
1559 5154 1592 5208 iit
1600 5168 1649 5223 ago
1660 5152 1766 5215 inciam,
1781 5150 1820 5204 in-

171 5310 174 5317 ¹
192 5235 251 5291 siae
264 5238 303 5292 bis
317 5240 392 5308 ipsis,
409 5240 490 5298 idest
516 5244 631 5312 propriis
654 5252 682 5299 et
707 5244 901 5307 accidentibus,
918 5259 978 5313 qaae
995 5280 1000 5287 -
1031 5248 1380 5317 quamiibcntissimesed
1392 5242 1820 5317 qnoniamiammatatinasiatait

197 5341 287 5383 eorum
308 5334 479 5403 participant,
502 5348 626 5391 constare
641 5351 693 5390 aon
719 5344 841 5402 pessunt,
864 5352 897 5391 ne
912 5338 979 5394 ιεειε
1032 5341 1185 5407 betraniusi
1201 5342 1240 5397 sai
1257 5341 1334 5394 tactis
1351 5341 1452 5404 arrisit,
1465 5341 1654 5404 sargamcacet
1666 5333 1688 5386 si
1703 5330 1765 5403 quid
1780 5343 1819 5391 εει

199 5425 289 5472 aarum
312 5423 473 5490 superiorem
506 5426 687 5485 dedaitianem
716 5427 863 5484 accidentis
888 5429 980 5485 venire
1032 5429 1114 5495 iliad,
1129 5429 1298 5500 diligentiore
1317 5437 1410 5500 postea
1423 5424 1641 5483 cannsideratione
1655 5424 1819 5487 luctabitur.

774 5634 1240 5671 ------·-
