3946 6186
229 333 298 394 ttss

848 323 902 380 au.
922 324 1025 380 aranu.
1046 324 1123 383 sno.
1145 326 1256 401 ortem

1708 321 1712 330 ⁸
1799 322 1892 382 llil·

227 453 300 509 circa
322 464 380 506 rens
402 447 459 503 iere
478 459 537 516 quae
556 442 688 515 qoaerltur
715 441 904 506 inveniantur,
933 442 1263 512 neqneAconsequitur,
1289 451 1318 496 ut
1336 425 1365 496 'si
1391 454 1475 509 ponas
1503 440 1638 494 bominem
1663 440 1753 494 statim
1769 439 1873 494 arrirual

139 568 142 573 ·
229 553 442 599 tarnen‘necesse
457 538 492 591 sit
501 538 525 591 ei
537 551 645 606 semper
659 536 813 599 adbaerere;
825 542 852 587 et
864 532 948 586 torma
962 532 1022 602 qui·

230 637 290 690 dem
303 631 381 702 lrujns
396 630 447 685 loci
460 630 522 684 talis
544 637 596 692 est,
612 639 640 682 ot
661 627 729 681 banc
755 639 861 696 quoqne
884 623 1024 678 diidnitio-

230 742 290 782 ncm
304 724 388 792 possit
400 722 551 777 admittere.
568 721 608 774 tto
625 718 759 788 adjunctis
775 717 849 771 loeus
859 725 901 770 est
913 729 974 769 cunr
988 729 1022 795 ex

208 831 215 854 ι
229 818 373 887 aliquibus,
387 829 445 883 qttae
458 821 521 869 sunt
536 811 655 881 proxima
674 810 715 865 cis
735 809 770 863 de
784 808 881 877 quibus
892 806 1024 877 queritur

231 910 321 975 rebus,
338 906 364 961 id
380 906 450 977 quod
465 905 595 973 quaeritur
613 904 654 956 rol
670 902 763 965 lrr'sse,
781 902 823 955 rel
838 915 910 979 esse,
926 901 967 955 vel
980 900 1023 953 lu-

229 1013 321 1058 turum
338 1015 399 1057 esse
415 1008 598 1062 irronstratur3
613 997 658 1066 qui
680 996 758 1050 vloeus
774 1004 815 1048 est
836 992 1025 1062 conjecturali·

231 1094 280 1149 bus
295 1091 385 1146 causis
396 1091 511 1143 maxime
526 1087 706 1142 necessarius.
727 1084 793 1139 Curu
810 1085 881 1138 enim
903 1082 936 1136 de
953 1082 1025 1137 laeto

232 1165 372 1254 quaeritur,
385 1191 440 1234 tum
454 1179 477 1233 si
493 1179 519 1233 id
535 1180 632 1230 laetum
655 1187 695 1231 est
722 1174 792 1245 qnod
811 1173 958 1240 dubitatur,
979 1156 1033 1243 qui

231 1275 374 1338 retinent,
388 1273 428 1326 rel
444 1271 491 1336 sit,
508 1270 549 1324 rel
563 1268 681 1323 loturum
696 1267 742 1334 sit,
756 1265 924 1321 considerari
938 1266 1023 1320 solel:

233 1367 316 1423 iruulta
328 1364 399 1418 cuim
414 1373 475 1416 snut
490 1375 549 1431 qun
571 1360 714 1428 unicuique
736 1357 861 1427 adjuncta
878 1356 918 1411 rei
935 1358 1024 1411 rario-

233 1472 292 1513 rnrn
320 1465 416 1511 euentu
445 1463 596 1521 temporum
623 1450 796 1519 colliguntur.
824 1449 927 1503 ldeireo
953 1448 1024 1503 eninr

233 1547 297 1619 quid
312 1556 374 1601 ante
385 1560 452 1611 rern,
470 1543 533 1612 quid
545 1556 604 1596 cum
618 1556 659 1605 re,
673 1539 736 1610 quid
750 1548 808 1607 post
823 1553 879 1594 rcru
892 1538 1024 1603 creuerit,

232 1637 260 1692 in
276 1634 504 1702 coniecturalibus
519 1630 608 1685 causis
619 1629 773 1699 inquiritur,
794 1645 855 1698 quae
883 1629 916 1682 ab
935 1639 1025 1683 orato·

235 1729 309 1785 ribus
328 1733 475 1781 tractantur
488 1723 564 1786 solis,
578 1736 664 1792 neque
676 1721 876 1790 jurisconsultis
890 1721 917 1774 in
932 1720 1025 1789 buius·

1075 549 1138 590 esse
1151 549 1264 590 necesse
1275 544 1327 599 est,
1345 550 1394 588 nec
1407 545 1469 590 ante
1486 533 1634 588 secandum
1661 542 1769 603 tempus
1791 531 1875 590 Ιιιιιιιε

1075 626 1127 683 dict
1142 635 1239 695 potest,
1255 636 1315 696 post
1330 640 1394 679 rero
1407 624 1537 694 subsequi
1556 624 1664 687 urrinnai,
1688 633 1717 677 ut
1740 634 1806 681 ante
1825 624 1874 679 uli·

1075 720 1136 788 quis
1150 725 1297 787 apparatus
1311 725 1352 771 est
1367 715 1515 771 secundum
1533 724 1649 781 tempus,
1671 714 1808 784 poterion
1831 715 1873 768 el·

1074 810 1172 866 iectus.
1184 809 1275 880 itaque
1291 808 1346 863 illie
1359 807 1546 863 antecedentia
1563 819 1588 861 et
1612 807 1807 876 consequentiis
1823 823 1872 859 no·

1076 901 1222 966 minantur,
1240 899 1284 954 lric
1298 908 1361 954 ante
1377 914 1446 964 rena,
1463 913 1526 954 cum
1549 914 1588 964 re,
1614 907 1641 952 et
1661 907 1720 966 post
1744 914 1814 953 reru.
1833 898 1876 952 ld·

1077 995 1151 1049 eirco
1165 992 1236 1070 quod
1252 991 1315 1047 iilud
1330 990 1448 1061 quidem,
1466 1006 1518 1045 nou
1528 990 1673 1045 secundum
1689 999 1808 1059 ternpus,
1825 991 1876 1046 sed

1077 1084 1225 1141 secundum
1236 1083 1462 1154 principalitatem
1479 1090 1584 1136 naturae
1609 1095 1696 1136 secum
1714 1081 1797 1136 simul
1824 1080 1876 1135 ali·

1077 1176 1141 1248 quid
1171 1175 1301 1232 trabeatis
1324 1173 1486 1229 antecedens
1510 1171 1624 1239 dieitur,
1650 1186 1819 1241 consequens
1845 1171 1875 1226 id

1076 1272 1149 1343 quod
1164 1269 1329 1327 antecedens
1345 1266 1499 1323 comitatur.
1514 1265 1550 1319 Eu
1564 1280 1628 1320 reru
1646 1280 1705 1334 qun
1719 1263 1875 1318 seeundum

1078 1368 1208 1438 temporis
1222 1368 1341 1438 priorem
1357 1362 1574 1436 posterioremre
1595 1360 1727 1414 rationem
1746 1356 1877 1412 coraside-

1077 1471 1182 1528 rantur,
1195 1459 1336 1530 adjuncta,
1352 1457 1452 1512 idcirco
1475 1464 1537 1510 ante
1553 1469 1622 1516 rem,
1638 1466 1699 1506 cnm
1715 1465 1745 1505 re
1766 1458 1795 1504 ct
1811 1460 1872 1519 post

1077 1568 1135 1610 rem
1149 1569 1257 1623 coepere
1273 1551 1442 1606 vocabulum.
1534 1592 1538 1597 ,

1114 1644 1240 1715 deinceps
1253 1653 1289 1698 ert
1309 1644 1381 1697 locus
1400 1639 1590 1694 dialecticorum
1601 1635 1725 1706 proprius
1740 1649 1771 1688 en
1783 1649 1873 1691 corrue·

1077 1737 1211 1808 quentidus
1224 1744 1249 1789 et
1258 1732 1464 1787 urrerecdentilrur
1474 1739 1497 1783 et
1510 1727 1725 1797 repugnantibus,
1742 1742 1803 1780 nunt
1814 1741 1876 1778 con·

233 1819 304 1874 mardi
316 1815 428 1886 negotiis
439 1828 498 1868 cum
514 1811 648 1866 rlretoriea
661 1810 786 1865 lacoltate
803 1810 857 1863 ulla
870 1808 1026 1864 communio
1040 1813 1167 1896 Bima
1184 1826 1217 1879 g,
1235 1824 1328 1895 quum,
1343 1821 1421 1891 papi,
1444 1829 1504 1873 am,
1527 1818 1623 1870 dicrum
1645 1826 1692 1880 egr,
1709 1831 1761 1869 ηρ,
1774 1831 1875 1881 ,emper

233 1923 285 1978 est,
301 1910 370 1979 juris
384 1909 455 1963 cuim
471 1907 572 1976 peritus
583 1907 617 1959 dc
632 1904 698 1960 laeti
718 1904 859 1973 qualitate,
876 1919 928 1959 nou
945 1904 1026 1958 etiam

233 2006 366 2075 deipsius
381 2002 444 2058 insti
457 2002 571 2055 scritate
587 1999 742 2067 respondet.
759 1997 860 2052 idcireo
875 1998 980 2066 quoties
993 1995 1027 2051 ad

235 2098 341 2154 Gallum
358 2095 474 2164 peritum
486 2087 942 2161 jurisiactiquaestiodeierebatur,
960 2087 1026 2143 nibil

159 2231 162 2244 .
235 2188 268 2246 sd
284 2201 332 2241 uos
345 2183 492 2254 inquiebat,
506 2191 534 2236 et
545 2180 580 2234 ad
591 2180 749 2234 Ciceronem
777 2179 866 2250 potius
883 2179 1028 2233 consulen-

147 2307 150 2318 ι
236 2288 286 2344 tus,
302 2279 328 2333 ld
341 2275 427 2332 estad
453 2273 587 2328 rbetoreru
613 2271 780 2326 remittebat.
796 2268 824 2325 ln
847 2285 901 2341 quo
922 2271 1028 2325 Tullius

237 2372 327 2438 iacere
339 2369 375 2426 ad
388 2367 544 2438 Trebatium
570 2367 657 2419 locutu
685 2365 793 2418 miscuit
810 2364 913 2432 dicens,
938 2365 1028 2431 Quen·

237 2477 315 2532 quarn
331 2461 405 2516 loeus
419 2458 462 2513 bie
471 2458 505 2512 ab
525 2457 659 2526 adjunctis
687 2456 920 2524 conjecturalibus
940 2455 1029 2511 causis

237 2553 353 2610 maxime
388 2548 482 2615 utilis,
515 2548 580 2602 nilril
603 2529 881 2616 consultorumjuris
913 2547 1031 2616 pruden-

237 2645 301 2699 tiaru
325 2640 413 2718 iuret,
427 2639 529 2708 pedere
553 2653 596 2693 nre
609 2647 716 2706 ιιιιιειι,
735 2629 830 2706 iuquit,
854 2639 955 2694 nullam
969 2652 1030 2695 sus·

156 2737 165 2749 ⁸
237 2734 307 2804 cepti
339 2731 436 2800 operis
455 2740 558 2799 partem
583 2731 736 2799 praeterire,
762 2745 795 2785 ne
819 2731 842 2785 si
869 2733 894 2785 in
921 2731 970 2786 lroc
997 2732 1029 2787 li·

237 2828 287 2886 bro
312 2826 497 2896 abriperer
518 2835 573 2878 tutu
594 2825 660 2878 artis
684 2823 806 2892 exempla
833 2825 1028 2894 conscripsero,

238 2929 293 2981 lun
315 2929 418 2977 ιιιιιιιιιι
448 2916 542 2990 gratie
571 2917 693 2972 rideatur
715 2915 848 2985 addictus,
882 2917 916 2971 ab
937 2917 1031 2986 adiuu-

235 3014 287 3075 eris
312 3028 377 3070 vero
403 3016 478 3069 locus
495 3011 544 3081 qul
563 3024 617 3065 non
650 3009 730 3064 modo
750 3009 958 3078 jurisconsultis,
984 3009 1031 3066 sed

236 3119 271 3162 tac
290 3101 458 3175 pbilosophis
483 3100 591 3172 quidem
618 3110 716 3171 preter
729 3110 851 3156 oratores
875 3116 930 3158 non
946 3109 1030 3172 paret,

1078 1919 1207 1974 eueniunt.
1231 1914 1417 1984 Consequentia
1439 1923 1523 1966 nutem
1549 1926 1659 1979 scurper.
1678 1907 1716 1961 En
1730 1909 1799 1962 eninr
1816 1908 1874 1963 dieo

1079 2012 1257 2082 consequentia
1277 2024 1335 2080 que
1345 2023 1397 2062 rem
1411 2004 1553 2061 necessario
1567 2013 1769 2071 corrrcquuntur.
1793 1998 1874 2054 itern-

1079 2121 1129 2177 que
1142 2112 1165 2157 ει
1185 2100 1363 2156 antecedentia
1388 2110 1410 2152 et
1436 2093 1619 2168 repugnantia.
1645 2092 1778 2162 Quidquid
1806 2093 1875 2147 enim

1079 2195 1207 2250 antecedit
1220 2207 1347 2264 quomque
1358 2206 1421 2253 rens,
1439 2189 1465 2242 id
1478 2190 1587 2241 colroeret
1603 2201 1661 2239 cunr
1675 2200 1702 2238 re
1717 2184 1876 2241 necessario,

1079 2299 1103 2345 et
1116 2287 1244 2359 quidquid,
1263 2295 1399 2356 repugnat,
1425 2281 1453 2337 r'd
1481 2282 1607 2352 ejusmodi
1623 2289 1670 2340 ert,
1691 2288 1718 2331 ut
1743 2274 1876 2332 cndoercre

1080 2395 1213 2452 nunquam
1229 2378 1319 2447 possit.

1118 2469 1251 2540 Expedita
1269 2468 1458 2538 adjunctorum
1475 2465 1546 2536 loco,
1567 2448 1637 2518 nu'nc
1657 2460 1689 2515 de
1710 2457 1875 2514 anteceden-

1082 2561 1153 2618 tibus
1174 2570 1201 2615 et
1225 2557 1452 2628 consequentibus
1466 2567 1494 2610 et
1516 2551 1727 2624 repugnantibus
1753 2551 1876 2605 disserit.

1081 2653 1131 2721 Qui
1147 2652 1222 2707 lorus
1237 2651 1273 2706 sit
1288 2665 1358 2705 unus
1373 2650 1399 2703 iu
1412 2648 1463 2703 tria
1476 2648 1549 2702 velut
1564 2645 1683 2700 urembra
1698 2642 1803 2699 diuisus
1823 2653 1876 2703 cst.

1083 2745 1120 2802 lt.
1136 2744 1243 2816 quidem
1254 2742 1360 2799 Tullius
1373 2742 1423 2796 loci
1436 2740 1515 2811 hujus
1527 2737 1686 2794 vocabulum
1701 2737 1796 2801 tacuit,
1813 2735 1877 2790 ausilii

1083 2847 1171 2892 autent
1187 2845 1257 2890 totus
1265 2831 1456 2889 conditionalis
1472 2829 1649 2899 appellandus
1663 2827 1779 2882 ridetur.
1794 2826 1878 2896 Cujus

1082 2943 1143 2984 curn
1167 2925 1365 2997 promptissime
1384 2934 1480 2980 natura
1496 2922 1634 2988 claruerit,
1656 2935 1754 2988 nomen
1768 2932 1880 2989 quoqne

1084 3021 1118 3084 ci,
1145 3019 1215 3089 quod
1232 3032 1280 3072 nos
1308 3016 1460 3087 posuimus,
1488 3024 1563 3070 recte
1582 3012 1695 3068 inditum
1707 3008 1881 3068 manifestius

1084 3109 1236 3181 apparebit.
1252 3105 1371 3161 Primum
1388 3106 1469 3175 igitur
1484 3103 1648 3174 singularum
1668 3102 1783 3173 partium
1809 3100 1880 3158 drid-

236 3198 317 3255 ulurn
330 3212 403 3268 supe
415 3205 564 3265 tempotum
589 3197 693 3250 titione
717 3194 872 3250 ltlcllntltls
898 3205 949 3250 0³¹·
965 3194 1031 3250 Nm
1045 3195 1071 3261 C
1085 3202 1153 3258 uitio
1167 3197 1306 3271 prodenda
1322 3208 1375 3254 est.
1389 3197 1482 3269 ltaque
1498 3194 1661 3262 antecedens
1686 3203 1738 3259 εει,
1753 3208 1808 3271 quo
1832 3209 1879 3262 po·

235 3287 391 3366 deducturi
405 3286 621 3356 queriuu,quid
643 3288 687 3343 uel
698 3295 761 3341 ante
786 3287 824 3352 id,
846 3287 888 3342 sel
908 3302 969 3343 cum
985 3301 1028 3354 eo,

150 3389 152 3395 '
237 3383 356 3453 eelpost
374 3383 401 3438 id
419 3383 624 3437 tueritnecesso
642 3389 685 3437 est
714 3382 857 3453 vestigari.
874 3383 945 3438 Ante
971 3398 1029 3438 rern

236 3473 407 3547 qudomtroe
417 3472 506 3538 modo,
521 3480 683 3540 apparatus;
708 3472 858 3525 verisimile
885 3480 929 3527 est
954 3473 1029 3528 enim

236 3563 360 3622 effecisse
384 3563 500 3630 aliquem
525 3564 597 3631 q'uod
623 3573 686 3616 ante
712 3561 885 3618 eitlciendum
913 3564 1027 3632 pararit,

236 3656 368 3727 colloquia
399 3654 457 3708 lieri
480 3653 551 3707 enim
567 3652 653 3720 potuit
675 3660 705 3718 ut
729 3655 870 3720 armaverit,
886 3654 930 3723 qui
958 3669 1031 3727 steps

189 3810 192 3814 ⁴
236 3747 317 3804 licerit
341 3745 503 3801 collocutus.
518 3741 616 3814 bueus,
643 3740 716 3795 relat
741 3756 800 3796 cum
827 3743 860 3799 ad
876 3745 976 3815 aliquid
992 3743 1031 3800 ta·

236 3837 362 3897 eieudurn
375 3844 540 3907 opportunus
556 3835 631 3890 locus
641 3834 760 3908 eligitur.
773 3836 953 3893 constitutum
965 3853 1031 3894 eon-

237 3930 346 3997 ririum,
361 3929 434 3985 relrrt
459 3927 484 3983 si
502 3929 563 3998 quis
571 3931 720 3983 constituto
740 3940 802 3985 ante
816 3931 940 3986 convivio
953 3932 979 3986 in
996 3947 1030 3987 eo

236 4024 333 4081 ῐεειειε
345 4021 446 4093 aliquid
458 4033 595 4094 arguatur,
606 4025 942 4095 capiaturqueconjectura
955 4024 1030 4093 iacti,

236 4131 316 4172 exeo
332 4117 390 4186 ipso
410 4115 483 4184 quod
507 4115 543 4169 sit
560 4116 712 4171 comisiam
735 4117 921 4183 constitutum,
949 4128 1030 4188 atque

173 4257 176 4260 ⁴
236 4211 331 4268 horum
342 4209 463 4266 ammon
483 4217 546 4265 aute
561 4211 671 4264 remde
687 4226 737 4280 qua
764 4212 893 4280 queritur
906 4213 1029 4281 exempla

236 4310 308 4356 sunt.
325 4301 391 4355 Cum
406 4314 436 4354 re
451 4314 515 4353 uero
529 4300 580 4353 boc
596 4299 697 4353 inodo:
716 4300 816 4354 Pedum
833 4303 962 4370 crepitus,
973 4304 1028 4358 rel·

1083 3295 1135 3352 sito
1149 3293 1221 3348 aliud
1237 3306 1350 3347 necesse
1369 3300 1411 3344 est
1423 3296 1623 3359 consequence:
1641 3286 1760 3364 itemque
1782 3298 1878 3340 conse·

1083 3399 1168 3456 quens
1191 3382 1304 3452 alicujus
1319 3389 1370 3446 est,
1387 3379 1458 3453 q‘uod
1482 3393 1543 3435 esse
1563 3390 1676 3433 neeesse
1699 3386 1752 3444 cst,
1765 3375 1788 3429 si
1809 3374 1876 3432 illud

1082 3475 1160 3542 cujus
1172 3484 1391 3543 esteousequeus
1415 3469 1588 3542 praecessisse
1607 3465 1772 3523 constiterit.
1788 3465 1877 3537 liepu-

1083 3581 1169 3637 gnans
1184 3563 1309 3634 estquod
1324 3562 1404 3619 simul
1419 3546 1480 3618 cunt
1494 3575 1528 3616 eo
1541 3562 1583 3616 cui
1612 3575 1763 3635 repugnare
1779 3559 1878 3615 dieitur

1083 3671 1211 3714 essenon
1227 3655 1321 3726 possit.
1334 3653 1555 3709 antecedendum
1576 3650 1666 3721 igitur,
1686 3662 1767 3722 atque
1778 3665 1876 3706 conse·

1082 3748 1235 3820 quentium,
1255 3756 1283 3803 et
1297 3745 1514 3816 repugnantium,
1527 3760 1609 3799 unum
1620 3743 1785 3798 essetecum
1801 3756 1876 3811 prse-

1082 3840 1213 3907 diximus,
1239 3841 1284 3910 qui
1303 3837 1437 3909 quomoda
1457 3836 1492 3891 sit
1509 3853 1586 3903 unus,
1608 3837 1700 3908 paneis
1722 3835 1874 3894 ostendam.

1082 3932 1202 3990 Primum
1217 3931 1368 4004 igiturduna
1391 3939 1560 4002 quaereretur
1570 3942 1689 4001 quonam
1708 3929 1793 3986 modo
1806 3945 1876 3983 unus

1081 4034 1154 4082 εεεει
1170 4026 1243 4079 ιοειιε
1256 4040 1271 4077 a
1286 4022 1523 4094 consequentibus,
1540 4021 1760 4077 antecedentibus
1781 4033 1809 4074 et
1828 4036 1874 4076 re·

1082 4116 1286 4189 pugnantibus,
1309 4113 1452 4168 dicebatur
1476 4113 1605 4182 quoniam
1632 4111 1750 4182 ejusdem
1771 4107 1874 4163 mentis

1083 4220 1155 4264 osset
1170 4217 1250 4277 atque
1273 4205 1458 4275 intelligentior
1481 4213 1534 4259 tarn
1557 4211 1734 4258 consentanea
1760 4199 1874 4255 sibimel

1082 4316 1161 4371 quam
1188 4299 1343 4354 dissidentia
1369 4297 1528 4367 praesidere,
1552 4297 1653 4353 idcireo
1677 4293 1873 4363 huncquoque

236 4391 301 4448 utsi
317 4392 370 4446 isse
384 4390 411 4445 ln
422 4390 574 4459 quempiam
590 4390 677 4444 locum
695 4391 791 4460 aliquis
809 4400 960 4460 accusetur,
982 4409 1030 4464 pe·
1082 4393 1170 4448 locmn
1185 4408 1264 4444 unum
1281 4389 1377 4444 sideri.
1396 4387 1649 4445 consentaneorum
1672 4402 1790 4455 namque
1813 4387 1872 4449 dun

237 4481 301 4539 dum
321 4481 424 4550 crepitu
444 4480 631 4549 deprebensae
656 4494 717 4537 esse
745 4484 915 4554 prohibitum
944 4487 985 4539 rel
1004 4487 1025 4540 ει
1082 4494 1145 4543 sunt
1156 4493 1254 4554 partes,
1265 4482 1427 4539 antecedens
1439 4499 1500 4547 uua,
1512 4482 1596 4538 altera
1604 4495 1787 4553 consequens.
1804 4480 1870 4536 llam

237 4573 321 4630 [ιιιεεε
333 4571 439 4627 adulter
458 4571 486 4624 in
509 4571 634 4626 cubiculo
659 4587 693 4627 ex
714 4575 806 4630 umbra
820 4563 1068 4646 corporisdesiD
1081 4595 1142 4635 curn
1158 4578 1244 4630 altero
1260 4573 1428 4644 praecedente
1447 4573 1590 4629 comitatur
1604 4573 1730 4641 alterurn,
1755 4573 1798 4626 illa
1822 4571 1874 4631 sibi

238 4672 346 4734 gaetur,
361 4663 420 4717 base
432 4675 494 4718 eum
514 4663 580 4731 ipsis
591 4663 626 4718 de
640 4665 738 4734 quibus
753 4668 881 4735 qureritm
896 4668 1028 4739 inspecta,
1082 4673 1109 4727 in
1125 4670 1182 4737 ipsa
1199 4677 1302 4722 naturae
1321 4666 1513 4737 consequentis
1531 4666 1809 4723 consentirenecesse
1821 4676 1873 4721 est.

237 4755 341 4812 eisdem
353 4765 443 4809 tamen
456 4753 643 4823 intelliguntur
654 4756 792 4826 adjuncta.
805 4758 937 4816 Postreru
954 4777 1029 4829 sero,
1082 4762 1295 4832 depugnantium
1314 4775 1377 4814 vero
1393 4758 1499 4814 tametsi
1522 4757 1582 4813 duae
1599 4766 1689 4828 partes
1704 4758 1769 4824 sint,
1790 4773 1873 4812 uuum

238 4845 261 4900 si
274 4860 341 4915 quas
354 4845 527 4900 conscientie
540 4846 659 4901 maculas
675 4847 769 4915 pallor,
783 4849 875 4917 rubor,
894 4852 1031 4908 titubatio·
1083 4866 1170 4909 tamen
1185 4861 1226 4908 est
1239 4851 1557 4922 utriusqueroeabulum,
1576 4860 1689 4921 utraque
1706 4852 1779 4906 euim
1796 4867 1875 4922 rupu-

238 4936 912 5009 qrteprodlderitarestinctusignis,velutsiclam
930 4944 1028 5004 laetum
1081 4946 1190 5017 garantia
1214 4945 1396 4999 raoninarrmr.
1425 4944 1566 4998 Deserere
1580 4922 1651 5010 esse,
1676 4959 1736 5014 quae
1766 4944 1876 4998 sitriurel

239 5027 337 5098 aliquid
353 5028 489 5083 exstincto
504 5029 557 5097 igni
577 5027 692 5083 velimus
717 5032 879 5098 ostendere,
896 5041 925 5088 ut
944 5037 1029 5092 tutius
1081 5044 1246 5105 repugnent,
1263 5045 1343 5106 atque
1377 5050 1392 5088 a
1413 5049 1443 5089 se
1464 5035 1623 5091 dissentiant
1639 5035 1729 5092 nullus
1750 5037 1873 5108 ignaram

238 5119 361 5174 notitiam
394 5119 616 5175 submoventibus
651 5120 770 5176 tenebris
806 5125 1028 5183 committeretur.
1082 5124 1874 5198 sedeodistant,quodarrtecedentiumetconseqnentium

239 5212 1029 5285 btemgladiuseruentusperaeturniacinusmenstrat.llaec
1082 5219 1135 5275 duo
1148 5227 1210 5274 sunt
1225 5218 1344 5279 nomina,
1363 5217 1425 5271 licet
1438 5233 1508 5271 unos
1532 5216 1567 5272 sit
1591 5220 1731 5288 utriusque
1756 5234 1873 5276 consen·

237 5310 326 5363 omma
338 5317 398 5378 past
409 5323 466 5362 rern
482 5306 552 5362 iacto
565 5306 750 5379 intelliguntur
770 5308 945 5379 adiunctum
958 5329 1029 5370 sern-
1083 5326 1148 5374 sus;
1164 5308 1373 5379 repugnantibus
1390 5323 1455 5363 roro
1478 5324 1559 5364 unum
1576 5324 1673 5365 nomeu
1688 5319 1745 5376 est,
1762 5325 1823 5365 cum
1836 5314 1875 5371 sit

238 5408 361 5468 perante
376 5415 517 5466 renuerat
532 5407 614 5466 re,=et
632 5411 692 5466 post
705 5415 773 5467 rern,
787 5404 935 5460 secuudum
948 5407 1029 5461 ratio·
1084 5417 1152 5458 unos
1168 5402 1193 5455 iu
1209 5401 1328 5469 utrisque
1347 5398 1495 5465 dimensus,
1525 5416 1589 5471 ergo
1603 5401 1696 5456 eadern
1724 5418 1813 5469 rrrcns,
1829 5421 1875 5459 oa·

237 5506 299 5546 nem
312 5501 462 5560 temporum
482 5492 682 5563 intelligendum
704 5502 756 5559 est,
780 5509 869 5566 neque
897 5498 932 5551 ita
954 5508 983 5551 rrt
1002 5499 1028 5551 in
1082 5482 1198 5564 dentque
1217 5480 1400 5562 intelligentie
1418 5493 1485 5547 ratio
1509 5493 1534 5548 id
1555 5494 1625 5565 quod
1649 5494 1779 5564 praeeedit
1800 5508 1826 5552 et
1849 5495 1875 5558 id

237 5583 459 5638 antecedentibus
474 5591 502 5637 et
514 5586 751 5653 consequentibus.
767 5585 824 5642 illie
837 5590 907 5643 enirn
926 5600 1028 5644 naturae
1082 5588 1151 5658 quod
1165 5585 1318 5648 comitatur,
1333 5584 1468 5654 intelligit.
1484 5584 1575 5656 Neque
1586 5585 1656 5641 enim
1670 5587 1728 5641 lieri
1741 5597 1876 5658 potestut

240 5675 307 5728 rntio
322 5673 518 5728 consideratur.
534 5677 629 5729 Orrsrria
644 5676 744 5745 quippe
766 5678 843 5733 simul
870 5690 948 5735 suut:
966 5696 1026 5735 nuru
1082 5677 1244 5733 antecedens
1257 5675 1356 5744 aliquid
1383 5676 1557 5746 intelligutur,
1574 5677 1624 5731 nisi
1649 5678 1675 5730 iu
1698 5679 1794 5732 eodem
1810 5681 1874 5750 quid

239 5761 463 5829 quodsrnscertlt,
488 5767 641 5834 sipontum
667 5767 712 5831 ιιι,
736 5766 826 5822 ιιιιιιιι
855 5780 894 5823 ιιι
914 5771 937 5824 ld
956 5769 1026 5839 quod
1081 5767 1116 5822 eit
1130 5778 1296 5833 consequens
1319 5765 1520 5826 considentem
1544 5770 1638 5825 eodem
1668 5784 1775 5838 quoque
1793 5776 1876 5826 rna-dn
