3946 6186
146 310 213 368 libb

646 308 805 367 clancula
824 305 997 363 PORRETAE
1016 311 1276 370 constantinia.

1697 304 1768 367 tato

143 423 257 494 ideoque
281 437 344 475 vern
366 423 472 477 nomine
498 421 592 484 liirma,
609 436 693 488 neque
709 422 796 488 imago
820 426 877 480 est;
902 428 929 471 ει
945 424 966 477 Α
983 419 1037 486 ipsa
1051 421 1176 475 essentia.
1199 422 1280 475 Recto
1297 421 1396 488 ntique.
1417 420 1444 475 st
1461 421 1531 475 enim
1550 421 1584 476 de
1597 419 1702 489 aliquo,
1718 420 1767 488 qui

144 509 205 549 cum
225 495 259 548 tle
272 509 303 548 ea
319 499 378 563 quis
393 495 503 559 lnqiiens
522 494 596 554 dicit,
608 491 724 545 essentia
739 501 791 552 est,
802 491 841 542 sic
852 488 932 542 debet

145 566 256 634 intelligi
273 583 279 616 ι
298 565 419 619 Esseittia
429 573 470 618 εει
482 562 527 615 illa
541 578 582 614 ris
597 571 708 628 quaeest
722 561 807 627 ipsunt
818 574 888 622 esse,
905 557 931 610 id

144 644 187 689 est
201 651 259 705 qnae
280 651 332 687 non
348 636 382 689 ab
401 636 452 686 alio
468 635 535 684 liaitc
558 641 660 684 nintuat
674 632 830 691 dictionem,
847 640 874 680 iit
894 643 928 681 es

144 720 195 772 qua
219 715 261 758 est
275 720 347 764 εε-ε,
364 706 387 756 id
410 714 451 755 est
466 717 524 769 qnae
544 702 648 753 t'aelr'rls
662 699 786 753 omnibus
809 699 930 752 eatndeut

145 776 259 843 quadam
283 775 432 829 ettritncea
450 772 652 836 participatione
667 770 857 824 communicat.
872 768 929 823 Non

147 849 216 899 enitn
232 845 266 898 dc
289 844 409 912 qualibet
433 858 488 894 stne
512 842 636 894 essentia·
652 840 814 907 proprietate
833 840 931 893 dieitur

146 926 202 978 cst,
219 915 265 969 sed
279 915 312 968 ab
327 930 358 967 eo
371 914 415 978 qni
431 930 481 962 lttttt
498 910 596 974 aliena,
612 912 659 964 sed
674 926 720 963 sua
734 913 851 964 essentia
868 923 929 975 pro·

149 985 205 1049 pile
218 996 269 1048 est,
284 985 316 1037 ad
339 983 401 1037 iliud
416 980 486 1051 quod
502 991 591 1033 creata
605 983 639 1034 ab
661 982 718 1048 ipso
733 981 816 1034 lorina
832 979 930 1046 itiqnu

148 1067 200 1124 est,
216 1065 242 1107 et
266 1055 298 1107 ad
324 1055 407 1120 ipsam
435 1061 553 1105 creatam
570 1049 735 1115 loriitaiu,et
759 1051 873 1119 denique
898 1054 930 1101 ad

148 1125 235 1178 ontuia
250 1140 309 1190 quae
323 1126 357 1178 dc
372 1123 437 1184 ipsis
461 1138 524 1176 seri·
540 1121 666 1175 dicuutur
688 1123 825 1189 (ipioniam
848 1136 882 1173 et
899 1139 931 1174 eo

149 1207 271 1262 tanqttani
286 1210 317 1247 ιι
333 1193 467 1263 principio
482 1194 567 1256 sunt),
584 1192 666 1244 dictio
681 1193 729 1245 ista
746 1191 930 1253 transniiiitnr,

147 1279 174 1317 ui
189 1266 222 1318 ile
245 1279 405 1333 unoquoque
425 1265 520 1316 divina.
537 1266 628 1315 tarinae
644 1262 847 1329 participatione
861 1271 932 1314 recte

983 505 1036 543 nnn
1050 492 1130 544 mado
1143 491 1259 558 sapiens.
1276 492 1321 544 sed
1337 493 1416 546 etiam
1436 494 1579 554 coloratus,
1595 502 1623 545 et
1641 506 1764 558 niapnus,

981 569 1008 612 ει
1029 563 1109 614 titulta
1128 561 1278 626 liujusmndi
1292 571 1350 623 est,
1371 576 1402 614 ειι
1423 562 1559 621 sapientiae
1581 580 1632 626 qino
1656 561 1762 616 tatem

982 631 1108 685 ornatibus
1126 632 1285 685 abnuilnntia
1300 632 1407 693 dicitnr,
1422 641 1450 684 tn
1464 644 1579 698 quantus
1595 645 1709 697 «piatatis
1722 646 1764 696 ei,

982 709 1053 754 totns
1066 717 1096 755 es
1108 703 1236 768 sapientia
1252 718 1259 752 ε
1274 711 1397 761 tanmtani
1414 702 1477 755 nibil
1494 703 1566 756 aliud
1580 705 1611 755 sii
1628 704 1697 768 qaod
1713 701 1764 756 sibi

982 785 1040 824 esse
1065 772 1195 838 emiserat,
1222 773 1271 826 nisi
1296 773 1352 825 sola
1367 773 1516 831 sapientia:
1542 775 1623 825 multo
1645 773 1766 838 proprius

983 841 1062 902 bens,
1084 843 1126 896 eui
1141 842 1247 896 diversa
1268 857 1319 895 noa
1342 841 1482 895 conlernnt
1497 857 1524 894 ιιι
1538 845 1582 902 sit,
1598 844 1694 896 dicitnr
1707 843 1764 909 ipsa

982 911 1109 976 essentia,
1127 925 1152 965 et
1167 912 1227 964 aliis
1243 913 1405 973 nominibus.
1423 912 1447 964 id
1463 924 1514 976 εει,
1530 922 1559 966 ιιι
1575 915 1642 966 ilaus
1655 925 1696 966 est
1708 914 1764 977 ipsa

982 981 1055 1034 dit'iu
1068 993 1108 1035 tas
1123 997 1181 1046 sua,
1197 982 1254 1047 ipsa
1268 999 1315 1035 sua
1330 981 1475 1052 sapientia,
1492 984 1549 1051 ipa
1563 998 1611 1038 sua
1627 983 1765 1048 tortitudo,

981 1063 1007 1105 et
1023 1051 1171 1118 bnjusmodi
1184 1054 1247 1106 alia.

1020 1121 1127 1189 Reliqua
1140 1125 1217 1184 euius,
1239 1122 1304 1194 etc]
1323 1123 1425 1189 Quasi:
1442 1122 1536 1177 Divina
1564 1123 1710 1176 sttbstatttia
1725 1133 1768 1177 est

984 1193 1009 1245 id
1025 1194 1094 1261 quod
1108 1204 1159 1247 est.
1175 1193 1285 1260 [leliqua
1300 1197 1382 1256 eiiitn,
1409 1194 1435 1247 id
1459 1205 1517 1253 est.
1534 1196 1591 1248 siae
1605 1208 1664 1262 qua
1677 1194 1767 1248 subsi-

984 1273 1074 1325 stunt,
1090 1264 1145 1318 site
1159 1279 1218 1333 quaa
1239 1266 1263 1317 in
1276 1266 1315 1316 eis
1334 1273 1406 1326 sont,
1421 1280 1473 1318 non
1493 1274 1554 1318 sunt
1569 1265 1594 1319 id
1609 1264 1679 1329 quod
1692 1272 1764 1324 sunt.

147 1334 252 1389 dicatur
275 1334 427 1403 estaqnod
454 1349 505 1386 ion
529 1335 638 1385 omniuo
664 1347 678 1384 a
704 1333 863 1386 naturalium
891 1347 933 1383 ra·
984 1333 1164 1393 seducenda
1185 1345 1226 1388 est
1243 1334 1355 1400 simplex
1378 1345 1423 1388 aut
1443 1336 1589 1388 solitarium
1611 1334 1673 1387 illud
1696 1332 1768 1390 node

148 1404 219 1459 tione
250 1405 385 1459 diversunt
419 1414 471 1458 est.
500 1403 621 1472 Namque
653 1412 681 1455 ct
708 1405 733 1457 in
765 1403 933 1455 iianiiantios
984 1403 1120 1470 quodlibet
1133 1419 1224 1458 eorum
1235 1405 1403 1471 essealiquid
1418 1405 1524 1459 dicitnr.
1535 1404 1682 1474 anttslibet
1693 1405 1766 1458 enini

147 1490 228 1530 omne
247 1476 450 1528 subsistentium
479 1489 538 1529 esse
566 1490 595 1526 es
613 1473 696 1526 lorina
717 1483 769 1534 est,
798 1474 823 1526 id
845 1477 933 1527 ostile
984 1474 1155 1527 subsistentis
1169 1483 1222 1528 tota
1237 1477 1321 1530 liirina
1341 1477 1496 1530 substantii
1511 1492 1563 1528 nini
1582 1476 1696 1543 simplex
1713 1483 1765 1530 εει.

148 1560 306 1614 quocunqne
320 1549 482 1599 sultsisteute
497 1545 594 1597 dicitnr
609 1552 666 1599 cst.
690 1545 781 1597 lormas
804 1543 933 1612 quantia
986 1549 1072 1611 atque
1086 1544 1191 1596 illorum
1206 1560 1264 1614 qua
1277 1548 1323 1599 toti
1337 1546 1387 1613 ιρι
1404 1546 1443 1598 vil
1459 1547 1568 1612 singulis
1578 1546 1635 1616 ejus
1647 1547 1766 1614 psitibiit

148 1630 179 1670 se
200 1616 279 1669 babet
294 1616 495 1682 participatione
510 1614 616 1669 dieitur.
639 1613 711 1668 suin
731 1629 765 1668 ex
789 1615 829 1667 bis
844 1629 933 1668 ereui-
985 1613 1080 1667 adsunt
1094 1614 1288 1680 accidentium,
1310 1617 1391 1669 unilto
1411 1617 1577 1670 iinmornsior
1591 1625 1632 1670 est
1647 1614 1766 1669 multitu·

151 1686 202 1751 plis
222 1695 308 1750 potest
333 1686 452 1749 latebis.
474 1686 565 1739 Statua
586 1685 655 1738 enirn
675 1685 773 1738 dicitur
795 1699 854 1737 esse
877 1695 933 1736 sta·
985 1682 1030 1747 do,
1045 1700 1104 1748 qnae
1124 1693 1212 1737 tamen
1228 1686 1316 1738 omnia
1339 1689 1373 1738 de
1395 1686 1556 1740 subsistente
1576 1686 1698 1741 dicuntur
1714 1703 1720 1738 :
1738 1694 1767 1739 nt

150 1766 205 1823 tna,
220 1772 270 1808 iinn
285 1757 429 1810 secundnm
445 1770 492 1818 as,
508 1755 578 1823 quod
591 1769 623 1811 ex
638 1757 722 1808 lornta
737 1770 796 1823 quae
808 1758 869 1808 aei-is
893 1768 933 1808 cst
951 1781 971 1836 R
986 1754 1019 1807 de
1034 1754 1123 1820 aliquo
1138 1756 1244 1808 bomine
1267 1765 1319 1809 tota
1345 1760 1428 1810 torma
1454 1757 1617 1816 salutantia.
1643 1771 1694 1825 qua
1709 1755 1767 1817 inse

149 1841 209 1880 esse
234 1825 292 1894 ejis
318 1834 369 1889 εει,
385 1827 409 1879 id
429 1838 469 1879 est
496 1836 591 1890 statua
615 1826 746 1888 materia;
770 1825 818 1878 seil
840 1840 935 1878 secani·
987 1833 1028 1876 est
1043 1823 1174 1891 perlectus
1198 1825 1288 1891 bomo,
1303 1836 1328 1879 et
1344 1841 1423 1880 omine
1436 1840 1519 1895 peinis
1538 1824 1767 1896 omnisqoedill'e·

150 1898 211 1951 dum
227 1897 297 1950 iltam
317 1897 428 1951 latinam
452 1909 503 1965 qna
524 1900 637 1950 lioniano
663 1894 776 1949 amiticia
795 1896 819 1948 in
835 1910 867 1949 eo
882 1911 935 1948 aare
988 1896 1083 1958 rentia,
1099 1909 1131 1949 ει
1155 1894 1250 1963 quibus
1263 1906 1303 1950 εει
1318 1898 1373 1965 ipsa
1400 1898 1557 1963 composita,
1581 1905 1609 1949 ut
1622 1897 1767 1962 corporali·

150 1968 272 2021 animalis
287 1970 388 2035 elligies
402 1969 524 2038 insignita
538 1979 589 2030 εει,
607 1967 657 2021 boc
671 1974 729 2028 εει,
744 1966 777 2019 ad
794 1967 912 2034 desiquai
923 1994 936 2006 -
987 1971 1027 2018 tas
1040 1974 1066 2018 et
1077 1968 1214 2024 aniinatin.
1228 1976 1254 2019 et
1267 1967 1416 2034 lnijasmodi
1431 1968 1499 2027 alia,
1515 1978 1541 2021 et
1554 1968 1667 2035 denique
1677 1983 1766 2021 omnia

150 2041 223 2101 dum,
236 2050 261 2092 et
271 2040 384 2108 qualiter
398 2051 483 2106 potest
495 2039 631 2106 imaginari
644 2036 816 2091 similitudine
826 2036 936 2089 domon-
987 2037 1099 2102 aquaevel
1115 2037 1162 2089 toti
1177 2037 1213 2088 illi
1224 2036 1316 2090 formae
1329 2037 1436 2100 adsunt,
1452 2051 1477 2090 ut
1491 2038 1646 2091 huttianitan
1661 2035 1766 2091 risibili·

151 2109 287 2162 strandum
315 2125 405 2163 rernm
429 2110 541 2168 atiimal,
565 2109 641 2175 cnjus
666 2123 752 2177 imago
777 2106 863 2161 etticza
884 2119 934 2160 εει.
987 2113 1042 2165 ιεε;
1058 2106 1099 2158 vel
1115 2107 1246 2175 aliquibus
1260 2108 1378 2175 partibus
1393 2109 1470 2175 ejas.
1488 2120 1511 2161 nt
1528 2111 1601 2159 color
1612 2109 1657 2176 qiii
1671 2121 1767 2174 ciirpii·

152 2179 292 2249 ipsumque
303 2194 340 2232 aas
350 2179 446 2233 dicitnr
457 2195 505 2243 aes,
518 2194 568 2232 nou
577 2179 723 2232 secundnm
734 2187 843 2241 terrani,
854 2179 936 2245 quod,
988 2176 1098 2236 ratitid,
1110 2187 1138 2230 ει
1149 2178 1257 2230 scientia
1271 2193 1329 2245 qnae
1342 2178 1417 2232 adest
1431 2179 1615 2241 rationalitati.
1632 2189 1659 2232 ει
1675 2179 1767 2244 liujus·

151 2249 177 2304 ltl
191 2262 231 2303 est
245 2265 303 2316 qnae
319 2258 388 2302 terra
410 2265 444 2303 ει
469 2251 552 2303 lorma
568 2263 619 2316 qna
635 2259 704 2300 terra
724 2258 782 2310 cst,
805 2260 821 2298 n
832 2262 874 2300 rra
895 2259 936 2300 εει
989 2246 1060 2298 tnodi
1072 2246 1122 2298 alia
1133 2245 1372 2315 indnita.lpsortnii
1383 2263 1488 2318 qnoque
1499 2249 1769 2318 quadesiibstncnte

151 2318 221 2389 ejus,
238 2319 316 2374 idest
333 2324 395 2373 aeris
415 2321 541 2383 materia;
556 2320 602 2371 sed
619 2319 705 2385 potins
718 2321 862 2371 sociandum
876 2320 937 2371 aris
989 2315 1122 2377 dieunttu,
1138 2317 1172 2369 ab
1185 2317 1324 2373 eldeiendo
1338 2328 1431 2373 natura
1443 2333 1482 2372 est
1497 2321 1645 2386 multiplex.
1660 2320 1725 2373 Nam
1739 2327 1770 2373 et

152 2394 276 2459 liguram,
291 2405 362 2459 quae.
377 2405 438 2444 cum
448 2390 514 2458 lapis
523 2389 636 2443 solvitur
645 2388 744 2450 canae,
756 2387 783 2441 in
798 2389 937 2456 ipsocrea-
989 2402 1018 2438 ea
1034 2401 1092 2455 quae
1102 2396 1143 2440 εει
1156 2397 1208 2441 tota
1221 2389 1304 2442 lorma
1319 2391 1474 2444 substantia·
1485 2392 1609 2453 bominis,
1625 2406 1677 2443 uon
1689 2389 1769 2444 niodo

153 2469 205 2512 tur.
220 2459 301 2514 Terra
321 2475 426 2528 quoque
445 2475 500 2527 ipsa
515 2459 612 2513 dicitnr
632 2472 718 2521 terra,
741 2473 792 2511 uon
812 2461 876 2512 κατὰ
892 2465 938 2518 τήν
989 2470 1020 2510 ει
1035 2457 1147 2524 eoquod
1162 2458 1219 2527 ipsa
1234 2469 1287 2512 tota
1298 2475 1358 2514 euin
1382 2460 1472 2527 inquo
1483 2472 1523 2515 est
1538 2463 1599 2514 tacit
1615 2460 1768 2527 bominem,

153 2530 226 2591 iiiiii,
245 2530 270 2583 iil
287 2541 328 2584 est
341 2546 392 2584 non
407 2531 552 2584 secundnm
565 2529 670 2583 silvaiit.
687 2531 757 2583 sard
772 2543 886 2596 inantque
899 2545 938 2582 se-
989 2527 1036 2581 scd
1048 2536 1113 2581 etex
1123 2542 1156 2582 co
1167 2530 1236 2595 quod
1251 2531 1300 2584 alia
1312 2541 1386 2598 parte
1400 2532 1441 2585 sni
1454 2531 1577 2586 enindeni
1593 2531 1655 2584 licit
1665 2530 1767 2585 anima·

154 2603 276 2664 eundum,
288 2601 334 2661 iiiii
344 2603 481 2655 scansilia
496 2605 684 2665 interpretatur
699 2617 705 2651 :
719 2604 764 2658 τήν
778 2603 938 2652 ειιιειιιειιι-
991 2609 1045 2650 turn
1057 2636 1065 2661 ,
1079 2599 1129 2651 alia
1147 2602 1317 2666 sensibilem,
1332 2603 1381 2654 alia
1397 2605 1551 2655 rationalem
1564 2643 1571 2663 ,
1588 2612 1660 2655 recte
1674 2600 1770 2656 dicitas

155 2671 230 2724 culus
243 2679 294 2724 est.
311 2672 355 2724 Vel
372 2687 424 2723 non
438 2674 488 2726 ἀπὸ
506 2680 551 2731 τῆς
571 2670 649 2730 iias.
665 2669 689 2721 iil
709 2679 764 2734 est,
789 2685 840 2722 nnn
861 2671 938 2724 silva.
990 2682 1050 2722 esse
1064 2669 1178 2736 aliqoiil;
1198 2681 1224 2725 ει
1247 2672 1305 2738 ejas
1328 2673 1454 2740 quaelibet
1476 2687 1546 2741 pars,
1561 2683 1606 2726 aiu
1619 2671 1688 2740 qnod
1703 2672 1770 2738 parti

158 2741 221 2795 dani
234 2743 284 2796 ἀπὸ
303 2742 454 2811 piaeposiiin
471 2743 500 2794 ab
519 2751 587 2800 :aaa
600 2742 677 2809 (sicut
694 2740 804 2808 dietum)
820 2749 861 2792 est
874 2742 940 2794 arti·
991 2737 1237 2794 totiaeconcretnm
1250 2750 1292 2795 est
1306 2741 1428 2796 accident
1442 2745 1594 2811 quodlibet,
1609 2752 1637 2796 ει
1652 2755 1772 2795 cornuin·

157 2812 235 2866 culus
248 2830 253 2863 :
268 2811 328 2872 ὕλης
348 2813 421 2865 silan.
445 2812 507 2866 llaec
524 2820 565 2864 est
579 2813 623 2864 illa
638 2810 720 2879 primi
736 2811 845 2865 materia
860 2825 938 2880 quam
992 2811 1060 2863 niter
1072 2811 1442 2876 euntninltis,etdissintiiiter
1453 2830 1466 2866 a
1479 2813 1578 2873 inuitis,
1588 2810 1771 2866 abelliciendo

159 2881 233 2937 Plato
244 2883 439 2941 reeeiuaculum
448 2893 535 2947 vocat,
547 2880 573 2934 iu
584 2897 645 2946 qna,
655 2882 721 2934 sicut
731 2896 810 2946 snpra
820 2897 939 2935 comme·
991 2880 1116 2935 similiter
1135 2891 1181 2934 ant
1192 2881 1359 2936 dissimiliter
1374 2899 1433 2936 esse
1443 2885 1540 2950 aliipiid
1553 2884 1660 2943 dicitur,
1686 2893 1715 2933 nt
1729 2895 1772 2934 ra·

160 2953 338 3015 morarinius,
364 2951 512 3006 formantur
535 2969 601 3021 quan
612 2967 698 3020 unque
720 2952 885 3019 recipientur
907 2951 941 3006 ab
993 2950 1128 3005 tictialitas
1144 2953 1266 3019 alienius.
1279 2963 1305 3006 ει
1318 2954 1476 3022 generaliter
1489 2954 1612 3020 qualitas,
1626 2961 1653 3006 et
1669 2952 1772 3016 specia-

159 3038 202 3090 ea,
229 3039 289 3077 eum
303 3033 390 3076 tamen
403 3022 499 3075 nullam
510 3039 543 3076 ex
554 3024 593 3076 eis
603 3023 658 3090 ipsa
670 3021 808 3076 contrabat
818 3024 941 3088 lerinam,
993 3021 1055 3074 liter
1072 3023 1236 3075 ratiiinalitas
1246 3022 1354 3085 dacitur,
1370 3029 1494 3091 quoniam
1504 3034 1532 3078 et
1543 3035 1602 3077 estu
1616 3023 1723 3090 qualern
1734 3021 1773 3073 ιι·

160 3104 187 3148 ει
200 3104 241 3147 εει
256 3097 364 3147 oniriino
378 3091 510 3147 inlortnis.
527 3093 623 3148 Debae
638 3092 774 3162 igiturait,
801 3092 871 3161 qnod
888 3109 939 3146 non
993 3083 1773 3162 cit,siciitetquselibetaliaequalitatcseainquibttssunt
1844 3128 1853 3151 .

161 3165 304 3219 secondum
315 3180 373 3217 eam
387 3174 455 3216 terra
467 3164 650 3220 dicitnrterra.
660 3163 706 3216 sed
718 3165 862 3217 secundum
875 3179 939 3226 eas,
955 3155 978 3217 C
995 3163 1093 3215 iaciunt
1105 3165 1209 3229 qnalia;
1223 3174 1251 3217 et
1264 3164 1430 3229 rationalem,
1451 3165 1520 3218 sicut
1531 3176 1556 3217 et
1571 3173 1677 3218 caeterae
1690 3162 1772 3217 ratio·'

161 3249 220 3302 quae
243 3242 306 3288 sitiit
326 3233 419 3287 liirmae
434 3233 517 3300 ipsius
533 3243 620 3287 terrac.
637 3232 714 3286 Verbi
727 3236 811 3301 gratia
826 3250 834 3291 ;
848 3248 944 3287 sectiu-

161 3303 224 3357 dum
243 3304 388 3358 siccitatem
408 3304 615 3372 gravitatemque
637 3303 728 3372 ipsius.
747 3303 786 3357 Es
808 3305 849 3358 liis
866 3306 944 3372 igitur

161 3373 328 3429 manilestum
350 3372 474 3441 estquod
493 3374 558 3428 nibil
577 3374 687 3427 omnino
700 3375 846 3428 secundum
862 3385 944 3429 niate·

161 3445 240 3515 riam,
252 3461 310 3514 qua·
324 3444 473 3515 praedicatae
485 3443 576 3497 formae
587 3444 689 3511 subest,
705 3444 821 3499 dictione
835 3461 885 3514 qua
898 3446 943 3499 illa

161 3516 246 3571 lorma
259 3519 415 3583 exponitur,
428 3531 487 3570 esse
499 3513 611 3581 diuitum
626 3515 673 3570 sed
686 3523 787 3569 tontum
799 3515 943 3570 sectandum

161 3601 219 3642 earn
238 3602 270 3641 es
291 3601 342 3656 qua
357 3602 394 3641 rci
414 3586 551 3657 proposita
565 3598 607 3642 est
620 3586 780 3656 appellatio,
797 3586 836 3641 rei
861 3587 944 3655 ipsius

163 3657 295 3728 propriam
310 3658 433 3712 formam.

198 3728 250 3784 Sed
264 3730 358 3787 diuina,
374 3725 440 3798 cte]
460 3726 534 3792 Qiiod
549 3727 661 3782 lormam
672 3727 788 3782 diuinam
803 3722 962 3782 vocaverat·

162 3814 221 3855 esse
236 3798 367 3861 omnium,
387 3799 504 3851 ostendit
519 3813 571 3851 non
585 3798 755 3853 abliorrerea
769 3799 943 3856 naturalibus.

162 3883 274 3939 qnorum
297 3870 414 3920 omnium
436 3881 495 3920 esse
513 3883 547 3920 cs
569 3870 652 3921 lorma
673 3879 725 3922 εει.
743 3868 818 3921 Νειιε
841 3870 874 3921 ad
895 3869 945 3924 boe

163 3937 233 4006 quod
246 3946 363 4002 eoeperat
378 3937 456 3999 redit,
470 3946 494 3990 et
506 3951 565 3990 eam
582 3953 644 3991 uere
664 3951 742 3991 unam
757 3953 789 3992 eit
805 3952 944 4006 compara·

163 4013 235 4062 tione
249 4006 425 4067 naturalium,
439 4021 551 4073 quorum
571 4006 674 4061 nullum
694 4022 749 4061 ειιιε
765 4017 865 4060 natura
879 4010 945 4063 sint-

163 4078 282 4146 plieitate
302 4088 343 4131 est
359 4091 440 4129 tinum
454 4077 629 4132 demonstrat.
643 4079 722 4142 Quasi
739 4095 747 4132 :
761 4078 836 4143 Quod
852 4093 947 4133 unum·

162 4148 286 4218 quodque
304 4147 503 4201 subsistentium
525 4147 623 4215 aliquid
646 4162 698 4208 esi,
719 4159 760 4201 est
782 4162 814 4201 ex
840 4149 946 4216 propria

163 4220 258 4285 lorma,
272 4235 331 4285 qnae
343 4218 414 4271 inest
429 4218 562 4281 materiae;
580 4219 625 4273 sed
639 4221 709 4287 quod
723 4221 893 4281 eorumdem,
906 4221 945 4274 tel

163 4290 343 4361 quorumlibet
359 4289 473 4342 aliorum
494 4290 712 4357 unumquodque,
732 4304 785 4342 non
796 4289 856 4342 dieo
869 4299 946 4343 natu·

163 4362 212 4416 rali
227 4359 268 4413 ael
293 4360 373 4413 etiarn
389 4361 575 4413 mathematica
590 4362 770 4425 speculatione
781 4368 821 4413 est
835 4359 945 4427 aliquid,

164 4432 210 4486 sed
231 4431 377 4497 tlieoloqiea
398 4431 468 4495 dico,
491 4430 648 4497 simpliciter
666 4441 708 4484 est
725 4446 758 4484 ex
776 4431 871 4493 lorina,
887 4446 947 4500 quae

995 3231 1117 3285 ualitates
1141 3248 1188 3288 eos
1202 3237 1229 3286 in
1243 3233 1339 3303 quibus
1352 3246 1414 3288 sunt
1438 3235 1536 3290 iaciunt
1557 3234 1710 3288 rationales.
1726 3232 1773 3288 Αι-

995 3302 1062 3355 liedo
1077 3318 1182 3371 quoque
1201 3304 1314 3371 aiicujus
1330 3314 1358 3359 et
1374 3306 1491 3374 qualem,
1504 3307 1573 3358 sicut
1586 3319 1679 3358 οιιιιιεε
1689 3303 1774 3372 quall-

996 3385 1078 3438 tates;
1090 3383 1117 3427 ει
1129 3380 1288 3437 colmatum,
1303 3377 1372 3430 sicut
1390 3390 1484 3429 omnes
1499 3374 1618 3437 colorem
1634 3383 1662 3428 et
1672 3373 1773 3437 album,

994 3445 1062 3496 sicut
1079 3460 1172 3499 ornnes
1185 3445 1243 3498 aliae
1257 3448 1410 3510 albedines,
1426 3447 1524 3500 eumin
1537 3454 1640 3512 quoest
1653 3445 1724 3498 lacit.
1739 3441 1773 3499 aa

996 3513 1057 3567 ideo
1071 3516 1232 3583 generaliter
1245 3530 1304 3570 cuin
1320 3517 1490 3586 qualitatibus
1500 3516 1624 3581 qualitas,
1636 3529 1696 3569 eum
1707 3512 1774 3568 solis

995 3585 1129 3637 coloribus
1139 3586 1213 3640 color
1223 3585 1330 3648 dicitur,
1345 3597 1372 3640 et
1385 3601 1446 3641 cum
1459 3587 1523 3640 solis
1534 3585 1701 3640 albedinibns
1712 3597 1774 3653 tpa-

995 3654 1099 3708 eialiter
1117 3656 1221 3710 albedo.
1245 3661 1331 3724 Atque
1348 3657 1416 3710 adeo
1429 3657 1513 3710 multa
1526 3668 1587 3711 sunt
1599 3670 1658 3724 quae
1669 3655 1703 3709 de
1716 3653 1775 3708 istis

996 3725 1128 3792 dicuntur,
1145 3741 1169 3778 in
1187 3742 1259 3794 saepe
1271 3730 1351 3781 etiain
1365 3727 1496 3782 eldciendi
1512 3727 1615 3782 ratione
1634 3742 1648 3778 a
1670 3724 1774 3780 coacci-

996 3796 1120 3850 dentibus
1144 3797 1176 3849 ad
1212 3812 1244 3851 ea
1268 3799 1366 3866 quinio
1390 3799 1557 3860 cnaei-idum,
1578 3795 1775 3851 detiominatira

997 3868 1172 3934 transumptio
1187 3868 1242 3930 liat,
1256 3879 1285 3921 ut
1296 3869 1363 3921 linea
1377 3879 1419 3922 cst
1430 3869 1518 3936 longa,
1533 3867 1629 3922 atbedo
1641 3876 1682 3920 est
1693 3866 1776 3920 clara.

996 3938 1040 3990 Sic
1056 3938 1136 4005 iqitur
1149 3946 1194 3991 aut
1208 3953 1260 3991 uon
1275 3940 1404 4003 simplex,
1426 3948 1471 3990 aut
1490 3953 1542 3990 tion
1565 3935 1713 3991 solitarium
1735 3946 1777 3991 est

997 4007 1060 4060 illud
1084 4007 1154 4062 unde
1177 4008 1313 4076 quodlibet
1334 4023 1425 4062 eorum
1454 4023 1513 4074 qun
1528 4015 1591 4061 sont
1611 4006 1711 4073 aliquid
1724 4013 1775 4060 εει.

998 4076 1210 4146 Uitttmquodqns
1222 4081 1293 4132 enim
1303 4092 1407 4144 eorum,
1423 4077 1447 4130 id
1459 4090 1510 4138 εει,
1523 4089 1549 4130 ει
1563 4075 1776 4138 subsistentium,

997 4156 1024 4201 et
1046 4146 1291 4211 siibsisteutiaruiii,
1315 4158 1342 4202 et
1364 4149 1404 4202 eis
1419 4145 1607 4207 accidendum,
1623 4144 1704 4199 babet
1717 4158 1778 4202 ειιι

997 4233 1072 4270 sanni
1087 4233 1119 4272 ει
1138 4218 1179 4271 bis
1193 4232 1224 4271 et
1243 4218 1338 4285 quibus
1350 4228 1407 4281 est;
1427 4225 1456 4270 et
1468 4218 1582 4284 qualiter
1597 4216 1647 4270 boc
1660 4216 1724 4270 ieltt
1738 4215 1778 4268 in·

999 4288 1091 4357 telliqi,
1107 4288 1209 4342 uidetur
1223 4289 1375 4357 explanare,
1388 4303 1448 4342 cnm
1461 4290 1507 4347 ait,
1524 4289 1549 4341 id
1563 4299 1604 4344 εει
1617 4302 1649 4343 ea
1658 4285 1778 4357 partibus

998 4360 1063 4413 suis.
1083 4358 1158 4427 Quod
1171 4374 1202 4413 et
1217 4375 1270 4429 quo
1283 4373 1362 4413 sensu
1381 4359 1463 4425 dicat,
1477 4357 1619 4428 diligenter
1634 4367 1675 4413 εει
1689 4366 1778 4412 atten-

998 4427 1125 4483 dendum.
1139 4431 1280 4494 Quoniam,
1291 4433 1361 4485 sicut
1374 4445 1535 4499 supraema
1549 4430 1584 4484 de
1600 4431 1678 4497 buius
1690 4427 1778 4495 operis

165 4516 217 4556 non
231 4511 273 4556 est
287 4502 313 4554 in
329 4501 447 4554 materia.
463 4500 528 4567 Quia
538 4516 630 4555 reuera
644 4501 733 4555 diitiia
745 4500 892 4556 substantia
904 4510 947 4582 εει
962 4520 986 4580 D
998 4500 1126 4567 qualitate
1140 4499 1303 4568 loqueretur,
1320 4501 1450 4570 promisit,
1463 4501 1560 4569 stylum
1573 4500 1701 4554 brevitate
1714 4511 1778 4552 eun·

166 4571 248 4625 loriua
263 4572 321 4629 sine
341 4570 462 4623 materia.
483 4571 548 4624 Nam
571 4586 656 4640 neque
674 4573 749 4636 disi,
765 4584 890 4640 tanquam
905 4587 946 4625 stu

185 4640 334 4707 iincipinm,
348 4651 374 4694 et
385 4640 523 4695 materiam
539 4642 564 4693 in
576 4657 625 4709 qua
637 4656 694 4694 eam
705 4656 765 4696 esse
780 4655 890 4696 neeesse
900 4643 945 4703 sit,

166 4659 266 4767 iabere
283 4721 371 4778 potest
385 4714 458 4767 οὐσία
471 4712 590 4780 principii
604 4727 612 4776 ;
634 4727 720 4780 nique
739 4712 777 4764 sic
792 4712 859 4765 inest
875 4712 948 4779 prin-

164 4782 246 4850 cipio,
258 4782 283 4836 id
299 4795 340 4835 est
357 4781 426 4845 beo,
443 4790 472 4835 nt
484 4782 640 4849 posteiinris
653 4782 764 4835 rationis
778 4794 885 4835 naturas
898 4782 946 4836 ali·

165 4868 246 4922 quas,
262 4853 301 4906 iet
317 4868 346 4908 se
357 4864 564 4920 componentes,
579 4851 620 4905 tei
635 4852 686 4905 sibi
708 4851 878 4920 adjacentes.
897 4850 943 4904 ba·

166 4923 265 4978 beatio
281 4924 343 4988 illo,
364 4938 396 4976 er
413 4923 509 4990 quibus
523 4924 580 4986 ipse
594 4925 642 4988 sit,
657 4932 683 4976 et
698 4935 808 4985 quatum
821 4936 854 4975 ex
867 4935 946 4976 cansa

167 4995 260 5062 prioris
274 4994 306 5048 ad
326 4991 403 5061 enjus
417 4993 565 5059 pertineant
580 5001 735 5059 potestatem
764 4991 873 5046 materia
885 5005 945 5047 esse

166 5067 257 5132 possit.
271 5065 328 5131 ipsa
342 5064 413 5118 enim
430 5074 455 5117 ει
473 5063 602 5131 principio
615 5074 689 5116 caret
702 5072 727 5115 et
742 5063 945 5131 cuiinpositione,

167 5150 214 5189 uec
228 5142 269 5188 est
282 5152 333 5202 qun
347 5135 380 5188 sit
395 5135 552 5201 principium
578 5149 611 5187 ex
625 5147 689 5200 quo,
707 5141 735 5186 ει
754 5149 801 5200 per
819 5131 900 5200 quod,
919 5145 947 5186 et

166 5206 190 5257 iii
206 5219 259 5273 qno
278 5213 341 5258 sunt
360 5203 465 5263 omnia.
482 5204 531 5256 nisi
548 5205 604 5272 ipsa
617 5221 623 5257 :
638 5212 715 5271 atque
739 5203 798 5256 ideo
821 5216 883 5255 aere
906 5214 946 5255 est

166 5291 259 5339 onitin,
271 5284 298 5327 et
309 5276 376 5328 adeo
391 5273 501 5341 simplex
515 5275 540 5325 in
557 5289 597 5333 se,
610 5282 637 5327 et
649 5275 707 5326 siue
720 5275 761 5325 bis
777 5287 835 5340 qnae
851 5271 947 5327 adesse

167 5356 276 5414 possunt
287 5344 446 5405 solitarium,
462 5356 487 5394 ut
500 5353 571 5398 recte
583 5346 615 5396 de
625 5343 675 5396 boc
687 5357 739 5395 uno
750 5342 864 5407 dicatur,
876 5343 945 5411 quod

166 5417 199 5468 de
210 5416 267 5483 ipso
281 5411 411 5483 principio
421 5410 498 5481 cujus
512 5413 587 5466 οὐσία
600 5424 642 5466 εει
657 5412 764 5477 dicitur,
780 5414 893 5475 scilicet,
906 5421 948 5465 stt

161 5479 190 5553 ld*
201 5478 332 5566 qnod‘est.
344 5492 419 5544 Sient
434 5490 505 5541 eiiim
526 5501 578 5536 iioii
592 5498 634 5533 esi
653 5495 705 5547 qio
733 5480 811 5559 bens.
835 5482 882 5541 sit,
898 5478 949 5531 ntsi

162 5569 275 5633 simplex
287 5576 367 5630 atque
382 5559 437 5612 sota
451 5559 579 5619 essentia,
592 5555 616 5608 id
633 5562 675 5611 est
690 5553 775 5612 οὐσία,
789 5562 829 5602 ιιι
841 5563 893 5602 nott
909 5555 952 5602 osi

164 5637 233 5692 unde
244 5636 317 5690 οὐσία
329 5633 384 5700 ipsa
406 5640 452 5694 sit,
468 5630 517 5682 nisi
532 5629 655 5693 qinitnain
669 5639 699 5678 ea
716 5619 827 5687 simplex
838 5627 865 5672 et
879 5617 952 5673 eolus

165 5708 235 5762 bens
248 5715 300 5760 est.
314 5704 388 5760 Unde
407 5702 486 5754 etiam
506 5713 571 5752 usus
598 5694 720 5761 loquendi
741 5702 793 5754 est,
810 5701 837 5744 ut
853 5687 886 5742 de
899 5687 953 5742 beo

166 5779 282 5843 dicatur,
294 5790 346 5831 non
362 5770 441 5826 niodo
457 5771 527 5825 liciis
542 5778 592 5829 est,
618 5780 709 5819 rcritin
724 5761 801 5818 ciam
819 5759 888 5816 lleut
912 5766 953 5814 est

1000 4571 1091 4632 tradiit,
1105 4578 1133 4624 et
1148 4570 1326 4637 intelligentie
1345 4569 1439 4625 laciem
1454 4585 1532 4638 quant
1548 4570 1689 4626 verborum
1705 4569 1779 4622 nori·

999 4649 1053 4695 tate
1063 4643 1206 4704 ictaierat,
1215 4641 1306 4694 dicens
1319 4658 1324 4692 :
1335 4639 1445 4710 Reliqua
1457 4654 1509 4694 iton
1520 4649 1583 4695 sunt
1592 4641 1617 4694 iil
1628 4639 1697 4710 qnod
1705 4647 1779 4705 sttnt,

999 4719 1026 4763 et
1044 4710 1105 4779 qnia
1119 4711 1286 4779 aliquatenus
1300 4711 1424 4781 detegere
1435 4712 1502 4766 telle
1521 4713 1634 4777 uidetur,
1649 4725 1710 4765 curn
1721 4709 1757 4764 ait
1771 4725 1779 4761 ι

999 4780 1209 4848 lliiuniqnodque
1228 4781 1298 4835 eiiiin
1313 4782 1393 4836 babet
1404 4796 1464 4837 esse
1478 4797 1554 4836 snum
1569 4797 1602 4837 ει
1619 4781 1661 4835 bis
1674 4795 1706 4836 es
1718 4779 1781 4850 qai·

999 4852 1049 4904 bos
1073 4859 1125 4915 εει,
1147 4851 1269 4918 sequenti
1288 4866 1346 4919 quae
1362 4853 1465 4907 iidenir
1479 4852 1665 4921 explanatione
1676 4851 1778 4916 dimna.

998 4936 1048 4989 qua
1060 4937 1119 4974 eain
1132 4923 1236 4989 penitus
1246 4922 1415 4990 expositurus
1425 4925 1627 4991 exspectabatur
1638 4926 1685 4989 (ne
1698 4922 1781 4988 ipsius

1002 4992 1116 5061 dignitas
1130 4991 1243 5060 indiguis
1264 4994 1461 5064 prostituatur),
1473 4993 1562 5061 potius
1581 4992 1705 5054 obducit.
1720 5005 1780 5046 curn

1003 5065 1085 5128 adila,
1099 5062 1124 5116 id
1139 5074 1180 5115 est
1193 5076 1227 5116 ει
1241 5062 1359 5130 partibus
1372 5065 1437 5119 suis.
1450 5064 1483 5119 Et
1494 5065 1601 5129 quidem
1616 5062 1783 5132 pronominis

1003 5143 1081 5200 atque
1096 5133 1211 5186 nominis
1226 5132 1319 5187 inllniti
1335 5148 1399 5203 naqa
1414 5134 1586 5203 significatio,
1609 5147 1722 5203 quorutn
1742 5130 1783 5187 al·

1004 5210 1061 5257 terii
1075 5206 1144 5271 quint
1160 5203 1214 5256 iolt
1236 5203 1347 5271 intelligi
1364 5205 1438 5273 quasi
1454 5205 1630 5270 demonstrat,
1643 5202 1728 5257 altero
1740 5215 1783 5257 re·

1004 5274 1065 5336 lert,
1080 5274 1189 5328 dicens:
1211 5273 1250 5326 lix
1263 5274 1304 5327 bis
1321 5287 1347 5327 et
1361 5289 1394 5328 ει
1409 5276 1521 5344 quibus;
1547 5275 1597 5328 etsi
1612 5275 1729 5328 animum
1743 5271 1782 5326 le·

1004 5344 1085 5395 ctoris
1104 5343 1130 5397 in
1148 5357 1181 5397 eo
1200 5346 1270 5412 qnod
1289 5353 1332 5398 est
1348 5359 1408 5398 εεεε
1424 5343 1593 5413 proprietatis
1606 5354 1651 5398 aut
1664 5341 1781 5413 generis,

1003 5423 1076 5465 certa
1092 5415 1226 5467 notatione
1244 5428 1296 5466 non
1312 5414 1394 5483 llqat,
1410 5425 1566 5468 nontamen
1585 5416 1619 5468 ab
1631 5429 1664 5469 eo
1677 5413 1782 5470 ειειιιι.

1003 5481 1204 5548 Explanationis
1225 5498 1289 5537 aero
1312 5484 1456 5552 suppositae
1476 5499 1574 5540 nornen
1594 5483 1697 5538 dnitum
1711 5480 1783 5553 quod

1001 5552 1076 5614 dicit,
1085 5551 1110 5604 id
1123 5561 1164 5619 est
1186 5567 1217 5606 ει
1227 5552 1349 5623 partibus
1359 5553 1424 5617 suis,
1435 5555 1539 5610 cumab
1549 5554 1660 5625 eoquod
1670 5561 1784 5610 edesse

1002 5625 1108 5690 penitus
1122 5633 1249 5677 removet.
1265 5623 1336 5678 llibil
1349 5624 1421 5678 enim
1434 5635 1477 5680 est
1491 5639 1550 5682 esse
1561 5625 1620 5695 ejus
1633 5624 1710 5695 cuius
1720 5636 1783 5693 pars

1001 5700 1051 5748 est.
1068 5692 1133 5774 Esse
1150 5706 1264 5762 namque
1286 5704 1313 5748 et
1331 5692 1357 5749 id
1376 5696 1446 5766 quad
1459 5711 1493 5751 eo
1505 5706 1564 5760 est,
1585 5694 1657 5750 nulio
1673 5707 1782 5762 morsus

1002 5771 1163 5819 ειιιιιειιιιιιιι
1175 5778 1282 5832 petiere.
1300 5765 1364 5823 Part
1383 5777 1471 5825 autent
1488 5780 1513 5823 ει
1536 5769 1561 5822 id
1575 5769 1650 5838 cnjus
1664 5773 1704 5824 ιιι
1719 5776 1783 5834 qut·
