3946 6186
104 288 171 352 stop
606 297 649 352 DE
672 296 908 355 btuueuuttltts
926 298 1067 354 letters.
1089 298 1151 354 [ΑΒ.
1172 297 1216 354 ΙΙΙ.
1662 297 1731 355 llos

102 410 174 479 ptin,
191 407 306 464 nominis
320 407 514 478 interpretatio.
535 408 696 464 Substantias
711 425 775 463 vero
789 423 885 465 cottae·
905 410 1072 474 Ababentes
1093 409 1231 480 angulum,
1252 425 1312 480 quc
1334 408 1503 480 orthogonio
1529 413 1728 482 nuncupantur,

102 500 212 570 quentia
226 509 288 555 sunt
302 514 397 569 genus,
413 508 509 565 totum,
524 496 638 569 specics,
653 513 725 569 pars,
737 514 817 554 causa
831 499 890 556 elil·
941 505 1008 559 alias
1022 504 1094 559 «licat
1117 503 1203 558 tribus
1216 502 1301 558 acutis
1315 502 1421 573 angulis
1434 502 1578 570 contineri,
1593 519 1653 572 quae
1666 516 1727 560 sunt

102 593 187 657 ciens,
198 591 321 658 materia,
333 592 429 660 lorma,
440 592 561 658 effeetus,
573 592 719 661 corruptio,
732 591 803 658 bnis,
813 607 888 660 usus,
941 594 1092 666 oxygonio,
1108 592 1174 648 alias
1187 591 1214 647 iu
1225 592 1349 649 obtusum
1364 592 1491 663 angulum
1504 592 1587 659 tenoli,
1598 609 1657 664 quae
1668 604 1728 648 sum

102 684 283 738 communitor
293 683 450 738 accidentia.
464 684 516 738 Eos
527 697 592 737 vcro
604 683 650 753 qui
664 683 832 740 extrinsecus
845 699 889 739 as·
940 683 1120 753 ambligoniae.
1141 683 1257 737 Necesse
1275 689 1318 737 cst
1337 681 1417 752 igitur
1437 691 1468 738 ut
1489 690 1611 753 utraeque
1625 683 1675 737 sibi
1689 682 1728 737 di·

103 784 255 842 sumuntur‚
273 786 327 828 tum
341 775 368 828 in
380 773 492 842 iudicio,
509 782 564 827 tum
579 773 605 827 in
626 774 814 843 similitudine,
832 784 890 832 tum
939 789 1018 832 verse
1045 774 1157 844 partium
1183 773 1286 829 ratione
1308 773 1480 828 conveniant.
1503 773 1569 828 Nam
1594 773 1664 844 quod
1689 783 1732 831 ost

103 865 129 917 in
144 864 301 935 quantitatis
314 863 523 932 comparatione,
537 875 592 918 tum
605 864 631 919 in
642 866 821 934 oppositione,
833 876 890 922 tum
940 865 1146 935 orthogonium,
1164 863 1189 919 tt
1205 877 1311 933 semper
1322 864 1365 918 vel
1378 862 1482 920 duobus
1499 863 1627 920 lateribus
1641 880 1731 936 aqna·

102 954 129 1006 in
160 953 349 1024 proportione,
375 963 430 1006 tum
455 953 481 1007 in
505 955 720 1024 transumptione
744 958 890 1027 reperavit.
941 956 1011 1013 libus
1023 954 1194 1019 continetur,
1219 954 1262 1009 rel
1286 953 1372 1008 tribus
1382 952 1573 1023 ‚inaequalibus
1590 953 1642 1008 Sed
1656 954 1728 1024 quoti

101 1046 175 1112 Quos
188 1057 252 1098 veru
273 1043 342 1096 inter
357 1052 484 1113 utrosque
506 1045 594 1113 posuit
607 1083 616 1111 ,
630 1044 680 1099 bos
693 1045 720 1100 in
742 1046 849 1102 casibus
862 1055 891 1103 et
940 1057 982 1106 est
995 1045 1197 1118 ambligonium,
1209 1045 1235 1100 to
1250 1045 1292 1102 rel
1307 1044 1412 1100 duobus
1432 1045 1562 1113 lateribus
1577 1047 1731 1099 continetur

102 1135 251 1207 conjugatis
274 1144 302 1190 et
325 1134 459 1192 diuisione
483 1139 631 1193 constituit.
652 1138 706 1195 Sed
729 1139 765 1195 ll.
786 1139 892 1197 Tullius
941 1140 1098 1211 equalibus,
1124 1137 1166 1194 uel
1189 1136 1276 1192 tribus
1298 1135 1485 1204 inaequalibus.
1504 1133 1557 1190 Sed
1585 1134 1656 1205 quud
1686 1145 1728 1188 cst

102 1227 204 1297 eosqui
219 1227 244 1281 in
259 1225 317 1295 ipso
335 1236 397 1280 sunt
418 1226 518 1297 dequo
538 1227 688 1299 quaeritur,
703 1239 758 1284 turn
775 1245 808 1286 ex
823 1237 890 1296 toto,
942 1232 1113 1304 oxygonium,
1138 1230 1164 1284 iu
1184 1228 1227 1287 uel
1250 1229 1335 1285 tribus
1354 1227 1483 1284 lateribus
1505 1227 1665 1298 aequalibus,
1687 1226 1730 1280 vel

102 1325 158 1369 tum
172 1330 206 1370 ex
221 1316 341 1385 partibus
355 1315 424 1385 ejus,
437 1325 494 1371 tum
509 1331 542 1371 ex
561 1327 633 1384 nota,
644 1327 701 1373 tnm
711 1333 744 1375 ex
757 1320 799 1375 bis
811 1322 892 1377 rebus
942 1325 1046 1381 duobus
1059 1320 1235 1393 inaequalibus
1248 1317 1411 1376 continetur.
1437 1318 1540 1374 llursus
1551 1316 1673 1388 ,idquod
1690 1331 1733 1373 est

101 1421 160 1458 uuau
179 1403 378 1473 quodammodo
392 1405 495 1462 allectae
517 1408 627 1463 suntad
642 1408 669 1464 id
693 1410 727 1466 tle
745 1426 798 1481 quo
819 1427 893 1483 quar·
943 1415 1128 1487 mquilatcrum
1151 1426 1258 1481 semper
1272 1419 1315 1467 cst
1327 1410 1507 1486 oxygonium,
1521 1409 1557 1464 iti.
1572 1424 1637 1465 vero
1659 1409 1736 1482 quoti

102 1506 170 1551 rturr
183 1498 280 1566 posuit.
292 1497 350 1567 lpsa
362 1513 427 1554 sero
439 1514 498 1569 quae
511 1499 605 1556 affecta
619 1511 680 1557 sunt
694 1502 838 1559 multitaria
851 1505 900 1559 di··
943 1505 1047 1562 dtrobus
1058 1503 1206 1573 aquattbns
1220 1502 1349 1565 lateribus
1363 1501 1533 1566 continetur,
1548 1500 1589 1556 vel
1605 1501 1738 1572 orthogo-

102 1590 208 1646 oisione
232 1591 344 1660 partitus
363 1601 415 1655 est,
432 1592 519 1645 solnm
535 1608 601 1647 nero
618 1593 747 1664 judicium
761 1596 896 1652 extrinse-
943 1598 1028 1667 nium,
1045 1597 1086 1650 rel
1097 1594 1301 1665 ambligonium,
1316 1593 1358 1648 vel
1373 1592 1538 1664 oxygonium
1552 1607 1612 1648 esse
1628 1601 1736 1662 potest.

102 1698 150 1739 cus
164 1683 323 1752 segregarit,
339 1682 482 1752 pluresque
496 1695 585 1754 partes
598 1699 763 1757 eorumquae
778 1686 806 1741 in
821 1686 893 1741 diri·
943 1687 1021 1756 Qund
1035 1700 1099 1742 vero
1118 1685 1207 1744 tribus
1226 1681 1401 1752 inaequalibus
1420 1681 1575 1738 continetur
1590 1681 1732 1747 lateribus,

103 1777 178 1830 tione
192 1775 330 1830 Tbemistii
347 1777 433 1845 posita
445 1787 506 1831 sunt
518 1779 676 1834 substantia»
688 1781 892 1850 consequentia.
906 1785 932 1846 Β
944 1778 986 1834 uel
998 1774 1198 1843 orthogonium,
1211 1773 1254 1828 rel
1269 1773 1459 1843 ambligonium
1475 1786 1535 1829 esse
1548 1787 1662 1828 ncceme
1678 1784 1733 1839 est.

103 1870 223 1937 itemque
233 1867 307 1922 locos
317 1867 419 1922 medios
431 1867 502 1923 inter
512 1868 606 1925 auecta
617 1871 777 1928 numeravit.
792 1869 822 1925 ln
834 1879 889 1927 tem
945 1868 1098 1928 Secundum
1122 1865 1202 1937 igitur
1226 1866 1298 1920 bunc
1318 1864 1428 1919 modum
1448 1874 1571 1920 cunctam
1593 1865 1629 1920 ll.
1651 1863 1732 1945 Tullii

103 1975 168 2014 vero
182 1957 255 2014 uaria
267 1957 397 2014 diuisione
412 1974 523 2015 necesse
535 1971 577 2016 cst
592 1970 622 2015 ut
634 1969 755 2033 utraque
771 1962 822 2018 sibi
837 1977 892 2020 non
945 1971 1026 2031 atque
1046 1956 1187 2014 'lbemistii
1197 1955 1361 2021 ‚diuisionem
1383 1971 1398 2010 a
1422 1942 1557 2025 principio⁴
1567 1957 1667 2025 pariter
1687 1973 1732 2010 or·

104 2053 195 2108 caulem
213 2061 288 2122 parte
299 2053 470 2109 conveniant.
494 2055 522 2109 ld
543 2071 608 2110 vern
631 2055 657 2110 in
681 2059 784 2113 corrrctis
799 2056 892 2113 multi·
945 2053 1065 2118 dientes,
1081 2048 1196 2105 invicem
1210 2048 1319 2115 sibimet
1333 2047 1450 2102 clausam
1465 2061 1526 2102 esso
1540 2057 1731 2115 monstremus,

103 2146 208 2214 pliciter
231 2143 323 2199 divisis
347 2144 403 2198 beri
426 2154 531 2215 potest,
562 2146 636 2200 velut
657 2147 680 2201 si
708 2148 769 2216 quis
790 2147 892 2204 diuidat
945 2144 973 2200 in
994 2144 1091 2213 quibus
1109 2142 1234 2197 omnibns
1256 2148 1284 2196 ct
1304 2139 1490 2209 exemplorum
1504 2148 1530 2194 et
1549 2139 1731 2211 intelligentiae

104 2233 295 2303 triangulumm
319 2230 419 2288 formas
439 2233 505 2290 sic:
528 2235 721 2304 triangulorum
745 2236 805 2291 aliae
830 2245 895 2293 sunt
945 2232 1209 2307 superiuscxpeditae
1223 2245 1340 2304 praesens
1352 2230 1500 2286 alebetesse
1516 2231 1655 2287 memoria.
1672 2231 1731 2288 liis·

104 2322 264 2392 aequilatera·
282 2320 392 2387 turmae,
408 2323 468 2377 alin
480 2323 533 2378 duo
547 2334 649 2379 tantum
664 2326 749 2382 latera
761 2328 891 2387 babentes
918 2318 923 2329 '
946 2341 1078 2397 ponamus
1101 2326 1181 2394 igitur
1201 2338 1309 2378 omnem
1330 2320 1470 2377 ‘lbemistii
1499 2321 1681 2391 diuisionem,
1703 2332 1731 2381 et

105 2412 292 2484 aequaliaattae
303 2412 438 2469 verutotis
450 2413 628 2484 inaequxlibus
639 2417 891 2489 lateribusjunctae.
942 2429 1008 2492 post
1030 2418 1100 2474 itanc
1121 2415 1280 2486 subjiciatur
1303 2414 1422 2469 Tulliana
1442 2414 1566 2484 partitio,
1583 2425 1611 2469 ut
1624 2429 1656 2470 ea
1671 2433 1731 2486 quaa

106 2499 204 2560 bursus
219 2502 317 2558 sitista
334 2504 431 2560 divisio
446 2521 453 2561 ε
470 2516 499 2560 ut
512 2506 579 2564 alias
592 2506 664 2563 dicat
678 2507 775 2579 aliquis
789 2519 891 2566 rectum
946 2512 1059 2567 dicentia
1074 2521 1137 2567 stunt
1150 2511 1266 2580 apertius
1281 2508 1366 2563 oculis
1379 2505 1500 2576 subiecta
1515 2508 1677 2564 clarescant.

782 2619 923 2677 Titemistii
943 2623 1049 2678 divisio.

881 2831 928 2882 loci

848 2949 908 3130 >

791 3136 859 3289 f

549 3457 576 3509 Ιιι
589 3464 647 3525 ipso.
835 3466 1001 3518 Extrinsecus.
1187 3459 1270 3511 Mil·

393 3537 595 3614 lbsubstuutia.
813 3551 1019 3663 ibreihudicio.
1078 3583 1079 3588 ,
1154 3545 1307 3613 bessibus..

392 3600 407 3647 ²
423 3601 605 3657 tidelltrttione.
813 3614 921 3663 tisim
943 3615 1008 3664 ibus.
1155 3606 1330 3667 suaningun.

393 3662 408 3708 5
424 3661 627 3738 Adescriptiouc.
814 3677 828 3722 b
845 3675 975 3736 amatore.
1155 3669 1315 3719 ttutnstono.

392 3723 408 3769 i
424 3722 780 3795 Anounnisintcrpretatiuue.
813 3735 829 3785 i
845 3737 978 3786 liunibure.

395 3783 674 3851 bboouscqucntibns.
815 3795 882 3849 otta
899 3799 1019 3861 oppositis
1029 3795 1069 3844 vat
1087 3808 1144 3845 cou-

394 3845 410 3893 6
426 3845 559 3923 Atotolvel
571 3867 675 3915 genere.
864 3864 953 3920 trariis,
967 3859 1006 3910 vel
1026 3857 1144 3916 relativis,

395 3904 409 3950 7
426 3908 567 3983 *bilbilim
576 3915 615 3963 vt!
628 3921 720 3980 specte.
863 3921 902 3971 vel
914 3921 1046 3972 secuudum
1065 3920 1146 3980 priua·

395 3965 411 4012 8
427 3966 645 4045 incurrentibus.
713 4026 716 4033 ,
864 3985 956 4033 tionem
980 3991 1006 4031 et
1027 3981 1144 4035 habitunt.

395 4028 572 4086 etimaterra.
865 4043 1146 4108 relperafflrmationem

385 4088 413 4137 ¹0
429 4089 546 4144 etorma.
865 4114 892 4157 et
903 4109 1066 4167 negationem.

384 4149 414 4261 a
428 4151 621 4289 [Absszeil‘ectibus.
820 4168 835 4280 ’61
850 4167 872 4277 ἦ
885 4175 1086 4290 ffiffi'ssflssng

384 4274 414 4325 to
429 4275 661 4343 Acerroptrontbur.

429 4337 468 4386 ab
480 4342 572 4393 usibus.

385 4398 414 4446 ts
430 4399 802 4464 Acommuulterscolttentlbus.

795 4476 829 4530 ll.
851 4475 931 4531 Tullii
957 4475 1061 4529 divisio.

877 4571 993 4859 Θ

680 5165 717 5218 lb
728 5170 788 5233 ipso.
1049 5169 1216 5222 Extrinsecus.

665 5335 780 5492 A

600 5688 690 5738 ltoto.
710 5678 715 5683 ’
769 5686 807 5737 lb
816 5683 1023 5736 antecedentibus.

599 5748 746 5815 Apartibus.
769 5741 1253 5837 tironesqooutiburzlbanctorittts.
1313 5808 1321 5831 ἱ
