3946 6186
158 312 227 370 tus
608 306 708 365 ιιιισιι
727 303 771 361 oe
790 299 946 358 ransom
966 297 1011 355 aa
1032 298 1171 356 boscus
1190 299 1349 358 aaronis.
1714 307 1782 367 tate

159 440 225 484 torae
246 438 273 485 ct
292 427 437 485 secundum
462 427 487 484 id
502 426 574 498 qood
596 425 758 489 subsistere,
771 422 940 496 epicrocum,
954 417 981 479 Δ
996 416 1118 487 personis
1132 416 1198 471 nihil
1212 432 1327 485 unquam
1342 416 1399 472 lieri
1415 427 1511 489 potest.
1525 418 1596 476 Nihil
1608 422 1688 490 igitur
1700 439 1781 483 uirium

158 533 237 594 atquc
248 523 370 579 substare
383 532 440 586 cst;
452 530 480 577 at
493 529 565 577 certe
578 519 747 577 ὑποστάσεως
761 514 801 569 tel
817 512 943 568 substan·
993 508 1141 564 secumdum
1164 507 1316 562 Nestorium
1337 506 1461 563 Christus
1480 520 1537 573 est,
1553 526 1584 566 ac
1599 526 1646 582 per
1661 512 1711 568 hoc
1725 531 1783 570 om·

159 614 204 668 tim
224 613 360 669 uocabulis
381 611 587 668 discerneretur.
608 608 657 663 Est
677 606 758 676 igitur
779 611 807 658 ct
828 600 944 656 hominia
995 600 1058 655 nino
1080 599 1145 654 nihil
1162 616 1168 652 ι
1183 599 1254 670 qood
1269 601 1340 654 euim
1353 615 1405 654 non
1420 611 1462 657 est
1474 617 1568 671 unum,
1585 619 1633 659 nec
1647 620 1708 661 osse
1723 625 1781 661 ιιιιι-
1825 667 1828 671 ,

159 703 266 775 quidem
289 704 424 768 essentia,
442 703 468 756 nl
490 711 531 756 cst
554 701 643 763 σὺσὺα,
664 707 692 752 σι
708 693 895 761 subsistentia,
917 691 945 749 id
994 690 1058 747 nino
1079 700 1186 761 potest;
1203 705 1264 747 esse
1284 692 1355 746 enim
1371 702 1450 762 atque
1471 709 1552 748 unuin
1566 697 1739 763 contenitur,
1755 708 1783 753 ct

159 806 201 852 est
224 799 362 862 σὺσὺωσις,
382 805 410 855 ct
432 794 588 857 ὑπόστασις,
613 790 639 845 id
663 798 705 844 cst
728 786 893 855 substantia,
918 793 947 841 et
995 784 1171 854 quodcunque
1195 794 1251 850 est,
1271 800 1352 839 unum
1372 795 1429 849 est;
1454 787 1534 841 etiam
1549 802 1580 841 ea
1598 804 1657 858 qum
1672 805 1703 845 et·
1729 792 1785 858 pltr-

159 893 307 963 πρόσωπον,
333 889 359 942 id
382 895 423 942 est
437 898 550 955 persona
571 899 578 938 :
595 885 671 939 σὺσθα
684 882 791 957 quidem
807 891 888 950 atque
900 893 945 934 es·
996 876 1070 932 ribus
1083 879 1291 944 conjunguntur,
1306 887 1335 930 ut
1346 891 1465 941 incertos,
1479 878 1588 944 chorus,
1602 896 1682 935 onom
1694 892 1782 938 taisson

160 980 403 1050 semimugnpm
422 976 945 1046 sagsnsmoigveromqossnbsisten·
998 976 1069 1022 sunt.
1097 967 1150 1022 Sed
1177 981 1238 1022 esse
1269 965 1404 1021 Christum
1432 967 1571 1023 manifeste
1600 982 1626 1025 et
1656 977 1786 1031 ueraciter

160 1074 211 1138 tia,
226 1073 349 1142 quoniam
370 1072 396 1126 in
410 1071 485 1127 nullo
504 1071 625 1141 subjecto
638 1081 698 1135 est;
713 1069 860 1131 ὑπόστασις
880 1081 946 1122 uero
999 1060 1158 1115 cottlitetnur
1181 1075 1285 1115 :onum
1311 1058 1391 1132 igitur
1414 1075 1474 1116 csse
1499 1060 1612 1118 dicimus
1638 1065 1783 1125 Christum.

160 1174 239 1234 atque
253 1163 415 1228 substantia,
430 1163 554 1234 quoniam
565 1161 790 1226 subestcteteris,
804 1176 864 1231 quae
883 1158 945 1214 snb·
998 1153 1074 1222 Quot
1097 1153 1120 1209 si
1139 1154 1176 1207 ita
1198 1163 1256 1221 est,
1273 1169 1351 1208 unam
1366 1168 1472 1224 quoque
1484 1151 1585 1212 Christi
1604 1159 1662 1215 sine
1680 1158 1786 1215 dubita·

160 1254 287 1309 sistentia
302 1268 354 1308 non
368 1263 446 1317 suut,
461 1253 543 1309 idest
562 1255 694 1313 σὺσιὺσιις
716 1268 723 1305 :
745 1260 787 1307 est
808 1252 947 1325 πρόσωπον
998 1250 1071 1300 lione
1085 1260 1227 1314 personam
1252 1259 1313 1300 esse
1326 1260 1437 1301 necesse
1456 1256 1498 1302 esi
1513 1265 1519 1300 τ
1538 1263 1597 1304 itant
1612 1251 1634 1304 si
1649 1249 1708 1307 dune
1723 1267 1785 1322 pet·-

160 1353 381 1415 aiqdepel'wm,
401 1343 526 1414 quoniam
547 1355 588 1399 est
603 1342 759 1398 rationabile
771 1341 945 1398 individuum.
998 1346 1191 1400 Stinaetissettl‚
1208 1350 1418 1392 tinusesselion
1435 1339 1624 1407 posse13dli⁰b
1647 1357 1710 1398 vero
1724 1358 1785 1404 esse

160 1433 231 1490 Deus
250 1447 356 1504 quoque
373 1444 400 1488 et
421 1435 497 1490 σὺσία
511 1442 592 1489 estet
606 1432 737 1498 essentia;
753 1439 795 1487 est
816 1431 906 1496 enim,
920 1438 949 1486 ct
999 1426 1089 1482 dicere
1114 1426 1254 1492 Christos,
1277 1427 1344 1482 nihii
1366 1438 1409 1484 est
1432 1429 1523 1499 alind,
1546 1430 1595 1486 nisi
1615 1432 1787 1503 praecipitatae

162 1524 346 1594 sinaximeipsc
353 1532 404 1590 est,
414 1539 429 1581 a
439 1540 492 1593 quo
503 1524 621 1579 omnium
631 1538 692 1579 esse
703 1522 887 1590 prolieisoimr.
900 1520 949 1576 Est
1000 1521 1098 1573 metitis
1112 1518 1216 1573 insania
1231 1535 1239 1571 :
1254 1534 1302 1574 cur
1315 1520 1387 1575 enim
1400 1520 1509 1576 omniuo
1524 1520 1591 1577 duos
1602 1523 1699 1580 audeat
1709 1524 1787 1582 Chri·

163 1615 302 1677 σὺσίωσις,
324 1611 350 1668 id
369 1621 412 1668 cst
430 1612 618 1679 subsistentia;
639 1613 761 1668 subsistit
779 1612 851 1667 enim
875 1612 949 1666 nullo
1000 1620 1057 1664 stoa
1071 1623 1177 1675 uocare,
1194 1609 1329 1665 bominem
1345 1625 1442 1677 ononi,
1460 1611 1541 1666 alium
1558 1612 1661 1669 Deum?
1681 1616 1724 1671 rel
1739 1631 1787 1672 cor

161 1703 300 1773 indigens,
325 1713 351 1759 et
373 1705 544 1778 ὑφίστασθαι,
560 1702 757 1758 substutcnim.
773 1701 848 1757 Unde
867 1700 948 1755 ctiam
1000 1716 1061 1756 cum
1083 1701 1128 1770 qui
1150 1701 1220 1756 licus
1243 1711 1285 1757 est
1303 1699 1439 1756 Christum
1460 1710 1551 1768 vocat,
1566 1703 1589 1758 si
1608 1719 1669 1760 eum
1682 1722 1787 1776 quoque

162 1794 275 1849 dicimus
291 1808 368 1848 unam
383 1807 443 1849 esse
456 1796 543 1849 σὺσίαν
554 1793 595 1849 uel
610 1795 737 1857 αὑσὶιισιι,
754 1791 780 1846 id
800 1800 841 1846 cst
857 1805 950 1845 essen·
964 1786 989 1847 B
1001 1795 1044 1864 qui
1056 1794 1185 1848 honuoest
1194 1792 1329 1848 Christum
1340 1802 1381 1848 est
1394 1793 1588 1863 appellaturus,
1600 1809 1659 1850 cum
1672 1796 1738 1852 nihil
1752 1802 1788 1853 si-

163 1888 226 1941 tiam
239 1886 280 1940 uel
294 1883 494 1940 subsistentiam
509 1883 629 1950 deitatis;
646 1881 693 1937 sed
707 1892 761 1937 tres
776 1881 948 1951 ὑποστάσεις,
1001 1885 1079 1952 uuile,
1095 1884 1160 1940 nihil
1174 1885 1333 1940 habeantet
1348 1886 1518 1954 copulatione
1532 1886 1723 1957 conjunctum?
1734 1890 1788 1947 Cur

162 1974 190 2029 id
210 1983 251 2030 est
270 1985 324 2031 tres
344 1974 513 2030 substantias.
531 1973 564 2028 lit
578 1973 704 2044 quidem,
720 1970 866 2027 secundum
879 1969 950 2026 hune
1000 1977 1082 2033 simili
1096 1976 1203 2031 nominc
1217 1975 1407 2032 diuersissimis
1420 1978 1544 2033 abutatur
1555 1961 1674 2048 trutinis,
1689 1997 1750 2038 cum
1764 1983 1788 2039 si

163 2062 271 2119 modum
281 2105 289 2125 ,
301 2063 394 2119 dixere
407 2078 485 2118 unam
499 2063 637 2119 Trinitatis
648 2062 807 2127 essentiam,
822 2069 876 2116 tres
888 2061 951 2116 suh·
978 2123 984 2133 .
1000 2064 1136 2123 Christum
1158 2066 1270 2122 delinire
1292 2067 1408 2137 cogitur,
1431 2069 1568 2143 utrisque(
1580 2084 1608 2127 ut
1631 2073 1688 2144 ipse
1705 2074 1788 2147 dicit)

163 2157 290 2223 stantiae,
313 2164 421 2227 tresque
436 2171 574 2227 personas.
598 2155 653 2211 Nisi
674 2155 745 2211 enirn
768 2164 822 2209 tres
846 2154 872 2209 in
896 2155 952 2211 neo
1001 2155 1132 2224 Christis,
1147 2174 1200 2211 non
1215 2158 1299 2228 possit
1314 2173 1391 2212 utram
1409 2158 1572 2218 definitionis
1586 2163 1715 2221 adhibere
1727 2165 1790 2222 sub·

163 2249 325 2304 substantias
345 2248 542 2305 ecclesiasticus
557 2249 681 2320 loquendi
701 2263 765 2305 usus
783 2247 950 2315 excluderet,
1002 2250 1146 2306 stantium?
1160 2251 1188 2306 Si
1211 2252 1282 2306 enim
1303 2249 1351 2307 bei
1372 2263 1452 2323 atque
1474 2252 1591 2308 hominis
1605 2252 1709 2310 diuersa
1724 2256 1788 2311 suh·

162 2341 298 2397 rideretur
310 2342 410 2398 idcirco
425 2343 459 2399 de
480 2343 535 2398 lieo
557 2342 609 2399 dici
627 2342 786 2408 substantia,
812 2357 867 2397 non
880 2341 952 2412 quod
1003 2344 1099 2399 statutio
1113 2352 1171 2409 est,
1185 2358 1319 2414 unumque
1331 2343 1357 2398 in
1369 2344 1488 2416 utrisque
1502 2343 1602 2402 Christi
1616 2361 1726 2413 nomen,
1741 2362 1791 2404 nce

164 2434 221 2504 ipse
240 2436 345 2490 cacteris
366 2435 445 2493 rebus
469 2437 545 2507 quasi
566 2436 716 2508 subiectum
740 2447 951 2506 supponeretur,
1004 2437 1169 2493 diversarum
1181 2436 1334 2509 conjunctio
1345 2437 1568 2507 substantiarum,
1582 2455 1661 2496 onam
1672 2442 1790 2497 creditur

164 2526 210 2581 scd
225 2527 294 2596 quod
305 2526 376 2584 idem
387 2529 513 2584 omnibus
525 2530 562 2584 uti
579 2537 720 2600 praesset,
733 2529 768 2583 ita
783 2529 863 2583 etiarn
876 2527 953 2596 quasi
1003 2531 1099 2588 lesisse
1114 2546 1266 2601 personam,
1281 2532 1446 2601 aequiuocum
1458 2547 1556 2588 tuomeu
1577 2543 1619 2588 est
1632 2534 1743 2601 Christi,
1764 2544 1793 2589 et

165 2615 320 2686 principium
332 2616 455 2674 subesset
475 2618 565 2686 rebus,
580 2619 643 2674 dum
663 2620 703 2675 eis
721 2616 845 2674 omnibus
862 2619 954 2672 σὺσίὺ-
1005 2622 1076 2676 nuilla
1090 2630 1178 2692 potest
1196 2619 1351 2678 delinitione
1365 2623 1499 2680 concludi.
1518 2624 1619 2694 Quibus
1632 2635 1722 2682 autem
1744 2643 1793 2684 un·

165 2709 236 2770 σθαι,
253 2708 294 2764 tel
309 2709 455 2766 subsistere
467 2708 659 2766 subministrat.
1004 2728 1084 2784 quam
1097 2712 1243 2782 scripturis
1255 2727 1352 2768 unomen
1361 2713 1459 2771 Christi
1468 2717 1637 2786 geminatur?
1647 2716 1715 2786 Quid
1727 2732 1794 2774 vero

473 2817 586 2874 qugp
606 2819 650 2873 qv,
952 2868 956 2875 q
1004 2805 1083 2871 noti,
1098 2818 1147 2874 per
1161 2804 1305 2859 adventum
1326 2805 1490 2872 saluatoris,
1512 2806 1636 2863 ellectum
1657 2811 1718 2865 esti
1731 2825 1792 2865 uam

267 2893 362 2951 Contra
375 2895 539 2963 Nestorium,
552 2914 629 2952 noum
641 2915 695 2953 erre
708 2915 853 2968 porrorum.
1006 2897 1144 2952 catholicis
1165 2906 1192 2953 et
1205 2895 1267 2953 ddci
1283 2898 1382 2954 ueritus
1397 2907 1424 2954 ct
1437 2898 1533 2954 raritas
1546 2899 1669 2957 miraculi
1679 2910 1793 2958 eottstat.

202 2987 254 3043 Sed
269 2987 326 3043 hare
341 2989 430 3043 ontoia
446 2988 545 3044 idcirco
563 2988 615 3044 sint
631 2988 699 3044 dicta
713 3031 720 3055 ‚
735 2999 765 3044 ut
778 2989 954 3045 dillercntiam

170 3090 270 3136 naturae
285 3088 364 3151 atquc
380 3095 511 3149 personae,
533 3081 615 3136 idest
634 3083 723 3143 αὑσίας
742 3091 821 3150 atque
841 3084 955 3140 ὑπσστά·

1006 2987 1092 3056 Quam
1106 2992 1177 3042 enim
1189 3003 1313 3059 magnum
1329 2998 1385 3054 est,
1399 3005 1531 3062 quamque
1543 3005 1656 3057 nouum,
1669 2992 1740 3062 quod
1752 3006 1795 3049 se·

1006 3082 1061 3136 rnel
1077 3096 1127 3137 nee
1140 3081 1194 3136 ullo
1206 3081 1260 3137 alio
1273 3084 1371 3138 saceio
1387 3082 1470 3151 possit
1484 3082 1607 3150 enotrius,
1622 3083 1735 3154 atejus,
1749 3084 1795 3155 qui

168 3197 234 3238 στως
247 3185 454 3230 monstraremus
475 3193 480 3227 :
494 3188 547 3244 quo
560 3189 623 3230 reru
636 3177 742 3230 nomine
752 3175 959 3246 utrumquodque
972 3167 996 3231 G
1010 3174 1084 3228 solus
1095 3182 1137 3228 est
1149 3182 1242 3227 natura
1253 3173 1338 3239 Deus,
1352 3189 1412 3228 cunr
1427 3172 1556 3238 humana,
1573 3189 1632 3245 qum
1643 3173 1677 3230 ah
1691 3191 1724 3230 eo
1737 3183 1796 3231 erat

167 3277 290 3336 oporteat
303 3267 447 3337 appellari,
460 3267 648 3323 ecclesiastica
670 3268 706 3322 sit
721 3267 865 3323 locutionis
885 3269 956 3324 arbi·

170 3359 258 3414 trium.
274 3359 329 3414 lloe
344 3359 449 3416 interim
461 3368 582 3425 constet,
596 3359 666 3429 qnod
681 3360 751 3415 inter
764 3370 885 3416 naturam
899 3376 957 3431 per·

168 3464 313 3520 sanamque
332 3451 439 3507 dillenc
459 3449 649 3521 prediximus,
664 3453 788 3522 quoniam
803 3452 900 3508 Natura
915 3463 957 3510 est

169 3542 310 3612 cujuslibet
322 3543 477 3599 substantiae
490 3543 642 3614 specificata
659 3545 824 3615 proprietas;
840 3545 956 3601 Persona

168 3649 242 3700 tero,
257 3636 421 3691 rationabilis
438 3647 539 3691 naturae
555 3636 691 3691 indiuidua
706 3637 865 3692 substantia.
884 3637 957 3693 lianc

169 3727 196 3781 in
217 3725 323 3783 Christo
346 3727 483 3783 Nestorius
506 3728 640 3798 duplicent
663 3742 724 3784 csse
747 3729 904 3796 cotustitoit,
924 3743 957 3784 eo

1008 3265 1209 3332 diuersissima,
1225 3266 1399 3329 conuenirct;
1420 3274 1500 3334 atquc
1520 3265 1571 3332 ita,
1590 3280 1623 3320 ex
1637 3265 1796 3323 distantibus

1009 3361 1125 3424 naturis,
1146 3376 1195 3414 tina
1216 3359 1292 3414 heret
1314 3358 1483 3428 copulatione
1504 3373 1627 3427 persona.
1642 3358 1795 3416 Secundum

1008 3455 1123 3512 Nestorii
1138 3467 1201 3509 vero
1217 3455 1395 3522 sententiam,
1414 3452 1477 3523 quid
1500 3452 1613 3525 ectitigit
1630 3453 1710 3509 noti?
1731 3453 1796 3510 Ser·

1008 3559 1087 3617 ratu,
1102 3548 1205 3618 inquit,
1222 3548 1343 3619 proprias
1358 3546 1509 3601 humanitas
1521 3545 1798 3617 diuinitasquepcrso·

1008 3655 1067 3695 uas.
1081 3638 1193 3707 Quando
1208 3639 1280 3694 coitu
1292 3653 1345 3693 non
1359 3639 1407 3692 luit
1421 3637 1567 3692 diuinitatis
1580 3636 1687 3708 proptia
1704 3637 1797 3693 liuma-

1009 3731 1153 3801 nitatisque
1169 3731 1301 3799 persona?
1314 3728 1421 3800 quando
1440 3744 1504 3784 uero
1524 3744 1576 3783 non
1592 3727 1659 3785 erit?
1672 3729 1714 3786 rel
1734 3728 1798 3801 qnid

168 3820 269 3874 scilicet
287 3821 422 3875 traductus
442 3834 544 3888 errore,
560 3820 630 3890 qnod
645 3821 778 3888 putauerit
794 3822 819 3875 in
835 3822 958 3877 otnnibus
1009 3826 1123 3895 amplius
1138 3828 1163 3878 in
1178 3823 1240 3879 lesu
1256 3823 1429 3892 generatione
1439 3823 1564 3893 contigit,
1579 3839 1658 3893 qoam
1671 3825 1697 3879 in
1709 3823 1798 3894 cujus·

169 3911 270 3966 naturis
286 3926 362 3980 posse
375 3912 427 3966 dici
443 3926 594 3981 personam.
617 3913 674 3967 lioc
686 3914 758 3968 enitn
778 3924 956 3983 presumpta,

169 4003 293 4071 quoniam
306 4003 332 4055 in
342 4000 449 4056 Christo
463 4002 596 4072 duplicem
607 4013 731 4064 pasturam
746 4007 957 4076 rescensebat,

1009 3918 1073 3973 libet
1083 3916 1203 3982 alterius,
1215 3915 1248 3978 si,
1259 3913 1383 3970 discretis
1395 3914 1513 3983 utrisque
1524 3914 1660 3982 personis,
1673 3915 1798 3972 discretas

1009 4012 1088 4065 ctiam
1101 4007 1174 4062 luere
1189 4004 1311 4060 naturaei
1323 4005 1360 4057 lta
1371 4003 1458 4069 eninr,
1474 4003 1596 4073 personis
1610 4007 1796 4073 manentibus,

169 4099 301 4168 duplicem
317 4111 424 4167 quoque
439 4111 579 4166 personam
599 4112 660 4154 esec
678 4101 818 4156 consessus
833 4114 884 4157 est.
900 4103 958 4171 Qua
1009 4102 1064 4157 illie
1078 4099 1152 4154 nulla
1168 4107 1323 4151 naturarum
1347 4094 1433 4164 potuit
1450 4109 1510 4149 esse
1530 4095 1699 4165 conjunctio,
1722 4106 1750 4150 ut
1771 4096 1798 4151 in

169 4193 195 4249 in
211 4208 240 4248 re
254 4208 314 4247 eum
329 4191 426 4247 laisum
440 4205 510 4255 csse,
526 4206 586 4246 cum
602 4191 722 4248 delinitio
743 4197 865 4266 superins
886 4195 957 4252 dicta
1012 4193 1131 4264 quolibet
1146 4190 1271 4254 homine,
1285 4187 1362 4257 cujus
1381 4201 1441 4240 curn
1457 4186 1561 4256 propria
1582 4201 1696 4256 persona
1711 4187 1799 4244 subsi-

169 4286 324 4351 comincat,
340 4293 395 4339 tum
411 4284 468 4338 hmo
479 4288 673 4354 argumentatio
688 4286 826 4343 euidenter
837 4288 896 4358 ejus
911 4288 956 4345 de·
1009 4294 1074 4351 stat,
1091 4284 1162 4339 nulla
1175 4290 1218 4338 ast
1236 4282 1277 4348 ei,
1294 4278 1527 4336 excellentissimae
1548 4277 1720 4348 substantiae,
1734 4290 1800 4335 can·

168 4378 279 4433 clarabit
293 4392 423 4433 errorem.
445 4377 475 4434 Si
487 4379 558 4433 enim
572 4394 625 4433 non
645 4388 686 4434 est
707 4380 807 4435 Christi
827 4397 878 4436 tuta
893 4395 955 4450 per·
1006 4376 1098 4447 juncta
1120 4374 1256 4429 diuinitas.
1284 4371 1346 4427 Esto
1370 4384 1451 4436 tero,
1480 4368 1562 4424 ⁰¹¹¹¹¹¹
1587 4369 1673 4439 ¹iJS¹¹¹¹¹
1698 4370 1798 4427 0¹¹¹l⁸¹i

168 4473 372 4543 sona,duasqne
387 4482 494 4526 naturas
508 4486 568 4528 esse
583 4473 751 4528 manifestum
768 4483 824 4536 est,
841 4474 957 4530 honrinis
1008 4469 1187 4540 appellatione
1198 4473 1350 4529 curuoccti
1362 4476 1411 4517 ⁰¹¹¹
1430 4475 1493 4516 ¹0¹⁰
1510 4476 1563 4515 ¹¹⁰¹¹
1584 4460 1715 4516 ¹¹¹¹¹¹0¹¹¹³
1730 4477 1799 4532 (1¹¹⁰-

169 4565 271 4618 acilieet
285 4575 365 4634 atque
385 4563 432 4619 liei
445 4562 515 4637 (nec
529 4573 583 4619 taur
605 4564 734 4634 insipiens
754 4568 910 4638 quisquam,
928 4576 957 4623 ut
968 4548 997 4612 1)
1010 4577 1063 4629 que
1077 4562 1134 4631 ipsa
1148 4557 1229 4614 simili
1243 4554 1341 4611 audeat
1360 4552 1497 4623 appellate
1511 4551 1656 4618 vocabum,
1672 4567 1720 4623 iter
1740 4568 1800 4622 apum

169 4657 321 4713 utramlibet
335 4672 426 4713 earum
443 4659 547 4713 ratione
561 4658 684 4729 seiungat
697 4659 718 4728 ),
738 4659 913 4730 consequitor
928 4669 957 4717 ut

168 4752 227 4806 dnae
238 4751 376 4806 videantur
384 4766 443 4806 esse
453 4765 576 4820 personae
589 4762 648 4805 :cst
656 4750 726 4805 enirn
738 4765 867 4821 persona,
882 4750 958 4808 utdi·

168 4853 309 4909 ctttmest,
325 4852 425 4899 nature
439 4842 602 4898 rationabilis
620 4841 753 4897 indiuidua
773 4843 955 4901 subsistentia.

167 4936 232 5001 Qum
244 4946 285 4990 cst
296 4934 375 5004 igitur
387 4935 454 4989 lacta
468 4934 585 4989 hominis
595 4934 697 5004 licique
708 4932 878 5003 conjunctio?
888 4932 956 4990 Num

167 5028 202 5082 ita
216 5027 293 5094 quasi
308 5041 367 5081 cum
388 5024 441 5080 duo
464 5040 575 5095 corpora
599 5025 706 5080 sibimet
724 5036 903 5094 apponuntur,
927 5034 958 5082 ιιι

168 5128 269 5172 tantuna
285 5117 350 5173 locis
362 5117 453 5187 juncta
471 5117 537 5183 sint,
550 5126 577 5172 ct
595 5115 660 5171 uihil
675 5115 701 5169 in
717 5117 831 5172 alterum
844 5134 875 5173 ct
891 5118 958 5175 alte·

168 5213 224 5266 rins
237 5213 363 5281 qualitate
377 5210 535 5280 perveniat?
547 5226 626 5279 qucm
638 5209 835 5280 conjunctionis
847 5211 957 5268 sinodum

168 5303 253 5359 Gracci
269 5306 334 5361 κατὰ
347 5305 486 5378 παράθεσιν
501 5312 607 5357 vocant.
623 5301 676 5359 Sed
701 5303 722 5356 si
745 5302 780 5355 ita
804 5303 957 5359 humanitas

169 5395 301 5451 diuinitati
325 5396 468 5465 coniuncta
490 5404 545 5460 est,
570 5395 635 5451 nihil
660 5397 754 5451 luorum
781 5410 814 5450 ct
838 5397 958 5469 utrisque

169 5493 321 5548 conlectum
337 5503 392 5557 ost,
407 5507 438 5547 ac
451 5505 499 5560 per
513 5490 563 5546 hoc
583 5491 647 5546 nihil
663 5499 705 5547 est
717 5490 852 5547 Christus.
868 5492 902 5547 llt
915 5493 958 5560 si,

169 5581 273 5637 duabus
288 5580 410 5650 personis
423 5579 607 5647 mancrttihus,
622 5595 653 5634 ea
668 5579 831 5650 cottjunctio,
847 5579 954 5650 qualem

170 5675 293 5743 superios
315 5673 446 5742 diximus,
472 5671 540 5725 lacta
561 5680 602 5725 est
626 5681 798 5738 naturarum,
821 5686 903 5724 unum
925 5684 959 5726 ex

173 5768 275 5822 duobus
290 5765 360 5821 ellici
374 5765 438 5821 ttiltii
454 5763 539 5834 proluit
553 5780 562 5822 ι
578 5762 687 5821 omuino
711 5762 782 5818 enim
803 5778 838 5827 er
853 5761 977 5831 duabus,

1011 4655 1081 4712 Deos
1104 4652 1171 4706 inira
1190 4648 1312 4717 quadarn
1332 4644 1495 4719 quotidianis
1514 4644 1633 4700 motibus
1653 4648 1801 4718 operaturi

1010 4751 1051 4804 An
1063 4746 1126 4815 quia
1137 4738 1334 4798 irrationabiles
1345 4724 1501 4795 substantiae
1511 4754 1564 4794 non
1575 4751 1686 4810 possunt
1700 4741 1802 4799 habere

1013 4851 1170 4909 personant,
1186 4847 1245 4904 qum
1263 4829 1364 4886 Christi
1378 4829 1536 4885 uocabulum
1558 4832 1682 4901 excipere
1697 4830 1801 4902 possiti

1012 4930 1106 4986 Nonne
1126 4927 1152 4981 in
1178 4923 1278 4980 sanctis
1302 4920 1454 4977 hominihus
1476 4936 1507 4979 ac
1532 4924 1630 4991 pictate
1648 4923 1801 4995 conspicuis

1012 5030 1120 5092 apertus
1141 5015 1292 5074 Divinitatis
1304 5024 1381 5071 actus
1392 5015 1578 5085 cognoscitur?
1589 5014 1660 5071 Nihil
1675 5017 1747 5072 enim
1760 5017 1802 5073 in·

1013 5114 1106 5170 tercrit
1116 5128 1165 5169 cur
1179 5125 1232 5167 nou
1246 5118 1353 5164 sanctos
1366 5120 1474 5177 quoque
1486 5106 1560 5162 viros
1573 5106 1666 5162 eadam
1683 5108 1803 5179 appella·

1011 5210 1085 5263 tione
1097 5206 1232 5277 dignetur,
1246 5204 1287 5269 si,
1304 5201 1331 5257 in
1344 5199 1529 5269 assumptione
1539 5197 1730 5268 humanitatis,
1747 5216 1801 5257 nou

1012 5305 1054 5353 cst
1065 5311 1117 5351 utta
1130 5297 1156 5351 in
1171 5293 1361 5367 conjunctione
1373 5304 1498 5362 persona.
1527 5291 1581 5348 Sed
1594 5290 1666 5349 dicat
1676 5293 1801 5363 forsitan,

1012 5388 1074 5444 illos
1086 5385 1417 5457 quoqueChristostocari
1426 5403 1431 5435 :
1441 5383 1537 5450 lateor,
1549 5385 1596 5442 sed
1609 5384 1643 5439 ad
1658 5385 1803 5456 imaginem

1011 5481 1068 5538 ucri
1081 5479 1191 5537 Christi.
1207 5480 1284 5550 Quod
1298 5483 1320 5539 si
1334 5483 1407 5538 nulla
1417 5499 1453 5540 cx
1466 5483 1575 5540 homine
1584 5491 1664 5553 atque
1678 5481 1734 5538 lieo
1750 5496 1803 5537 una

1010 5589 1125 5647 persona
1140 5575 1283 5644 coniuncta
1297 5582 1355 5643 est,
1368 5589 1462 5630 omncs
1476 5574 1512 5630 ita
1525 5587 1604 5630 veros
1622 5571 1745 5628 Christos
1758 5585 1804 5627 ar·

1014 5668 1183 5734 hitrahimur,
1195 5676 1223 5722 ut
1237 5667 1361 5738 huncqui
1375 5682 1408 5723 ex
1419 5664 1528 5737 Virgine
1542 5665 1647 5737 genitur
1659 5663 1778 5720 creditur
1792 5678 1803 5721 t

1012 5760 1085 5817 nulla
1104 5759 1204 5833 quippe
1217 5759 1244 5816 in
1260 5759 1311 5817 hoc
1323 5758 1438 5843 adunata
1453 5773 1567 5834 persona
1583 5766 1639 5827 est,
1653 5771 1686 5814 cx
1700 5754 1749 5816 bei
1761 5762 1805 5820 at·
