3946 6186
239 307 309 370 iata
664 315 695 370 tn
715 313 844 370 imbuit
864 311 908 367 bt:
923 311 1067 370 enAEbld.
1083 312 1188 370 rlltbd
1210 309 1440 371 reasonable
1798 313 1871 370 {5⁰⁸

211 486 213 491 Ι
238 417 274 476 tie
288 422 512 490 ipsoquacunqoe
524 425 626 478 ratione
639 425 825 493 predicantur.
841 423 941 478 Scribit
954 424 1024 479 idem
1041 429 1063 484 Α
1079 442 1130 481 non
1146 427 1214 481 ratio
1226 427 1316 488 iidem,
1327 426 1374 481 sed
1393 424 1461 479 ssdes
1474 424 1595 493 sequitur
1605 425 1746 482 rationem.
1762 428 1869 501 Elque-

240 489 348 546 Boctius
369 493 464 546 loartni
480 493 601 549 llorttano
621 496 734 551 diacono
747 496 780 550 de
795 495 846 549 illis
860 495 1034 564 specialium·
1079 498 1148 552 triam
1162 496 1188 551 in
1201 497 1393 565 temporalibus
1407 495 1476 549 niltll
1490 495 1613 565 estquod
1630 498 1799 554 mutabilitati
1811 517 1867 558 non

235 574 298 629 quae
321 562 472 616 nominibus
493 563 542 624 bis,
560 565 647 632 Pater,
660 565 753 631 Filius,
770 565 886 630 Spiritus
904 574 1024 630 sanetus,
1076 565 1112 621 sit
1125 567 1280 630 obnoxium,
1297 576 1350 621 tota
1368 566 1473 620 iliorum
1498 567 1686 621 consuetudini
1713 582 1854 627 aecnmmo

237 631 426 698 praedicantur.
441 635 562 688 llsteodit
575 645 662 690 atatem
678 635 723 690 illa
738 645 765 691 et
780 637 814 690 de
826 635 940 690 dirersis
955 649 1025 702 prte-
1076 637 1136 689 data
1151 639 1298 691 necessitas
1312 645 1398 690 nutat.
1414 635 1479 691 Nam
1495 637 1520 690 iu
1533 638 1573 690 eis
1585 637 1717 707 quidquid
1736 641 1853 708 predica

238 699 374 782 dicaripet
393 717 453 757 csse
467 705 572 757 diversa
595 719 648 759 non
671 706 778 760 modoa
794 720 824 759 se
838 705 965 769 invicem,
979 719 1024 759 tte·
1076 715 1118 760 tur
1142 711 1332 769 necessarium,
1363 707 1407 761 rel
1421 721 1490 771 esse,
1513 707 1555 760 rel
1582 721 1635 761 nott
1663 722 1723 763 esse
1747 712 1865 779 quodam

238 782 391 824 rumenam
407 773 441 825 ab
455 774 582 838 tesserula,
594 789 654 842 quae
675 775 787 831 alitersis
806 774 958 830 nominibus
973 789 1024 827 nna
1077 775 1167 841 modo,
1184 792 1234 832 nec
1246 792 1317 842 esse,
1330 790 1378 831 nec
1390 791 1441 830 aton
1453 791 1512 832 csse
1527 791 1637 832 necesse
1652 787 1702 833 est.
1718 777 1776 834 lion
1791 782 1865 840 enim

237 837 273 919 de
283 841 383 894 eisdem
397 843 503 901 dicitur.
519 843 658 914 dequibus
671 858 697 900 et
712 847 755 901 illa
771 845 876 899 diversa
892 845 963 898 salva
979 843 1025 898 ιιει
1076 846 1199 902 absolute
1225 848 1403 901 necessarium
1422 855 1477 911 est,
1500 848 1543 903 cui
1569 861 1667 902 nomen
1695 853 1866 908 necessitatis

237 911 409 978 atmplicitate
431 913 566 968 dicunntur.
589 915 716 981 Quamvis
730 925 819 970 autem
837 916 894 970 ltaec
912 915 1025 968 dirersi—
1075 915 1132 970 sola
1147 917 1313 972 consortodo
1333 915 1572 972 accommodatio
1592 916 1749 985 theologicis
1773 930 1864 977 atatem

239 990 291 1061 tas,
303 992 348 1035 aut
363 996 416 1037 non
437 998 515 1050 posse
534 986 656 1053 penitus,
668 997 714 1041 aut
728 986 769 1039 rit
786 1000 865 1054 posse
880 985 1023 1039 monstrari
1076 986 1119 1041 ubi
1134 996 1175 1042 est
1187 988 1242 1042 veri
1259 988 1374 1041 noratinis
1396 997 1476 1057 atque
1493 988 1613 1041 altsolttta
1636 991 1792 1057 necessias,
1809 1007 1863 1046 non

238 1049 479 1116 rtdeatur,t:uneo
502 1055 563 1123 quia
592 1057 751 1112 naturalium
780 1057 852 1124 leges
876 1054 1024 1123 theologica
1076 1058 1143 1110 ratio
1156 1057 1246 1124 ltdem,
1259 1056 1306 1112 sed
1323 1056 1387 1111 ltdcs
1401 1058 1529 1122 preterit
1540 1058 1680 1113 rationem.
1694 1059 1721 1112 lu
1735 1059 1777 1114 bis
1789 1064 1863 1117 enim

237 1121 385 1188 speculatio
406 1138 458 1176 non
479 1126 590 1179 omnino
609 1127 734 1192 admittit,
750 1135 804 1179 tum
817 1126 889 1194 quia,
903 1123 973 1179 sicut
985 1125 1025 1177 di·
1076 1141 1129 1181 non
1144 1138 1337 1194 cognoscentes
1353 1127 1497 1190 credimus,
1509 1128 1556 1182 sed
1570 1128 1710 1184 credentes
1720 1134 1863 1200 cognosci·

201 1195 204 1204 ’
236 1197 309 1244 ειιιηι
331 1204 382 1257 εει,
395 1193 421 1246 in
437 1195 552 1264 simplici
568 1195 623 1250 lieo
639 1210 735 1251 nornen
758 1195 901 1264 cujttsiibet
913 1194 1025 1248 (brersi-
1076 1211 1147 1250 mus.
1164 1197 1229 1251 Nam
1245 1196 1345 1267 absque
1360 1198 1492 1251 rationum
1510 1197 1647 1264 principiis
1657 1197 1723 1253 fides
1733 1202 1862 1271 concipit,

201 1276 205 1303 ³
238 1261 311 1342 tatis,
329 1276 406 1317 error
431 1265 603 1331 parvulorum
627 1267 769 1328 abltorrct,
792 1280 844 1319 non
863 1274 1023 1319 tameneatu
1077 1280 1128 1320 nou
1143 1267 1222 1322 ntodo
1239 1269 1281 1322 illa
1296 1266 1393 1335 quibus
1412 1268 1590 1337 intelligendis
1602 1268 1723 1323 humanae
1741 1270 1863 1327 rationes

237 1340 308 1385 stent
330 1333 353 1386 itt
370 1348 399 1388 re
413 1343 521 1401 montet
541 1336 724 1392 dillicuitatent
741 1337 853 1392 obscura
871 1343 899 1390 et
917 1345 1026 1404 propter
1076 1337 1248 1405 suppeditare
1272 1346 1466 1406 nonpossttnt,
1482 1340 1669 1393 verumetiam
1696 1339 1741 1394 itta
1764 1341 1862 1410 quibus

237 1401 429 1457 obscuritatem
443 1404 546 1460 dillicili
567 1405 625 1459 lieri
639 1408 715 1467 solet.
731 1411 821 1460 taulus
841 1406 882 1460 tel
905 1405 1024 1472 probata·
1078 1406 1141 1467 ipss·
1159 1417 1268 1475 possunt
1281 1422 1341 1462 esse
1364 1409 1505 1476 principia.
1531 1408 1645 1477 Spiritus
1664 1410 1735 1464 enim
1764 1413 1861 1480 quiex

237 1483 295 1524 rnm
311 1473 503 1544 seripturarum
528 1477 688 1532 testimoniis
709 1475 862 1544 persuadet,
876 1477 917 1530 tel
932 1489 1025 1531 neces·
1078 1475 1132 1530 ilco
1143 1487 1185 1532 cst
1199 1477 1244 1531 dat
1260 1479 1328 1532 itane
1344 1479 1392 1546 ipsi
1416 1477 1476 1532 lidei
1508 1493 1561 1545 prat
1577 1478 1724 1533 rationibus
1745 1479 1862 1550 dignita-

237 1543 369 1597 satiarunt
396 1546 579 1601 intentionum
609 1547 822 1604 connexionibus
845 1549 958 1616 probat,
981 1545 1023 1600 trel
1077 1555 1144 1612 tern,
1173 1557 1201 1603 et
1223 1548 1429 1618 intbeologicis.
1453 1558 1480 1602 et
1501 1551 1582 1603 etiam
1608 1548 1635 1602 iu
1650 1549 1694 1604 ιιιε
1715 1565 1775 1618 quac
1790 1552 1861 1608 inira

236 1624 331 1666 eorum
344 1630 402 1684 qttae
415 1616 573 1682 incidenter,
586 1630 614 1675 et
625 1620 699 1688 quasi
714 1634 728 1671 a
742 1619 825 1672 intere
838 1617 1024 1687 disputationis
1077 1615 1225 1689 theologica
1248 1627 1320 1684 sunt,
1337 1618 1502 1673 naturalibus
1526 1619 1638 1685 scilicet,
1660 1631 1687 1674 et
1709 1621 1861 1690 ltnjusmndi

236 1695 375 1752 emergere
389 1696 497 1752 possent
511 1690 726 1758 amplillcntinne,
742 1688 881 1758 esplanat;
901 1687 948 1741 scd
963 1689 1023 1756 qnia
1076 1685 1135 1747 aliis
1145 1703 1258 1758 quorum
1272 1688 1418 1743 rationibus
1429 1689 1646 1758 pbilosophorum
1657 1687 1700 1743 dd·
1710 1705 1736 1743 tn
1750 1693 1860 1761 spiritus

237 1767 288 1806 nec
303 1757 463 1819 maletotns,
478 1771 527 1812 nec
540 1761 631 1813 tardus
643 1768 684 1814 est
697 1773 772 1819 suns,
785 1760 827 1812 ctti
844 1759 960 1822 scripsit.
974 1773 1021 1809 au·
1079 1755 1157 1824 bttjus
1173 1760 1262 1813 mundi
1277 1763 1425 1828 supposuit.
1446 1759 1511 1813 Nam
1526 1768 1553 1813 et
1571 1759 1597 1813 itt
1608 1758 1773 1814 naturalibus
1787 1771 1815 1816 et
1830 1764 1857 1817 iu

236 1821 318 1885 ditor,
332 1826 387 1880 sola
402 1826 509 1894 propria
523 1829 731 1899 unumquodque
745 1828 905 1896 praedicandi
917 1827 1022 1882 tatione
1039 1804 1144 1889 Baliis.
1160 1843 1265 1885 oannem
1281 1830 1409 1883 rationem
1435 1829 1614 1899 spiritualium
1628 1829 1694 1883 lldes
1713 1833 1860 1896 antevenit,

236 1892 412 1951 domonstrat.
428 1898 580 1954 illiusetunr
594 1901 742 1968 proprietas
754 1897 1022 1967 praedicationis.qua
1074 1908 1103 1950 ut
1114 1898 1166 1953 lldo
1180 1901 1264 1968 tnagis
1287 1901 1439 1968 priusquam
1454 1899 1557 1954 ratione
1575 1900 1663 1954 omnia
1676 1900 1807 1967 judicent.
1820 1907 1860 1957 Ac

237 1962 271 2018 de
293 1980 347 2034 quo
366 1983 447 2021 ttttttm
473 1969 632 2035 praedicator
655 1971 767 2032 borum,
787 1969 858 2023 aliud
883 1967 1022 2034 praedicari
1075 1967 1195 2036 perboc,
1207 1984 1259 2023 noo
1271 1971 1578 2039 strodetlteologicantm
1590 1971 1728 2025 sedetiam
1740 1974 1859 2028 omniunt

237 2045 291 2087 nnn
313 2044 409 2103 potest,
425 2039 489 2093 satis
505 2049 628 2107 patenter
645 2042 762 2095 ostendit
776 2059 782 2091 z
796 2055 847 2093 non
864 2037 943 2091 niodo
956 2039 1024 2093 inter
1075 2052 1163 2092 rerum
1181 2039 1425 2108 intelligendarum,
1440 2038 1570 2093 catholica
1588 2039 1654 2095 ddes
1669 2049 1741 2095 recte
1762 2041 1860 2098 dicitur

237 2116 278 2170 se,
289 2109 468 2162 terttrnrtianr
480 2110 514 2163 ab
526 2113 649 2166 omnibns
662 2111 715 2165 illis
724 2125 785 2179 qum
796 2111 829 2163 de
843 2109 948 2163 illorum
960 2106 1024 2162 sub
1074 2120 1135 2165 esse
1149 2110 1297 2173 estodium,
1314 2111 1370 2164 sire
1384 2111 1456 2164 nulla
1472 2109 1659 2164 incertitudine
1673 2120 1787 2177 nutans,
1809 2113 1857 2167 setl
1944 2126 1955 2135 ·

236 2177 342 2231 etantiis
354 2180 529 2234 communiter
541 2181 676 2246 dicuntur,
687 2192 713 2236 et
725 2182 759 2235 ab
770 2196 802 2235 en
814 2180 939 2244 maxime,
951 2179 1022 2247 quod
1075 2178 1157 2232 etiarn
1170 2181 1293 2235 derebus
1303 2179 1476 2235 mutabilibus
1484 2180 1662 2234 certissimum
1670 2189 1750 2248 etque
1761 2182 1860 2237 lirmis-

238 2259 320 2300 ttttttm
350 2249 383 2304 de
408 2250 499 2304 tribtts.
523 2253 615 2309 ntttltis
638 2252 790 2308 omninibus
814 2249 1024 2304 substantialiter
1075 2249 1173 2305 simum
1189 2250 1404 2306 laudamentum.
1421 2252 1462 2304 ab
1475 2249 1525 2304 boc
1538 2265 1602 2320 ergo
1614 2250 1784 2306 exordiosen
1799 2254 1857 2306 lun-

238 2316 407 2383 praedimmr,
423 2320 479 2373 timo
492 2336 552 2376 ease
565 2324 683 2380 attera.
697 2323 742 2377 Est
755 2333 841 2376 :rotem
861 2320 917 2373 bace
933 2319 1022 2373 ditet·
1074 2318 1200 2375 dameutn
1215 2320 1348 2390 praedicto
1363 2320 1505 2388 indaginis.
1522 2320 1590 2372 rirtro
1605 2320 1744 2390 inchoans,
1757 2321 1794 2376 ait
1810 2338 1819 2376 :
1842 2327 1848 2340 ‘

237 2387 302 2440 sitas
325 2404 378 2442 non
393 2390 474 2444 tnodo
489 2407 611 2456 nntnern,
626 2393 797 2462 quoscilicet
809 2390 860 2445 boc
874 2399 915 2443 est
929 2404 1019 2454 unum,
1111 2390 1142 2445 Si
1154 2391 1233 2460 igitar
1246 2391 1408 2462 interrogem,
1432 2391 1497 2462 etc]
1521 2390 1647 2456 Qtttesitit
1660 2407 1692 2444 an
1716 2391 1802 2458 Pater,
1830 2403 1858 2447 et

236 2459 376 2524 quodlibet
398 2475 463 2515 vero
485 2464 550 2516 llttol
575 2464 645 2519 alind
660 2475 701 2518 est
715 2479 814 2525 unum,
827 2476 918 2516 terunt
941 2461 1022 2514 etiam
1076 2459 1170 2524 littus,
1180 2473 1206 2516 et
1214 2462 1330 2528 Spiritus
1344 2471 1453 2515 sanctus
1467 2460 1500 2515 de
1512 2460 1553 2515 bis
1567 2459 1703 2530 dequibus
1717 2462 1856 2525 dicuntur,

237 2535 333 2582 natura
356 2530 473 2599 generis.
487 2542 513 2587 et
541 2536 600 2590 loco
623 2534 744 2589 rationis.
766 2534 817 2588 Sed
839 2533 873 2586 de
898 2530 1021 2595 naturali,
1074 2531 1286 2586 substantialiter
1298 2530 1487 2599 praedicentur,
1503 2546 1537 2585 an
1557 2546 1610 2600 quo
1622 2529 1674 2583 alio
1688 2533 1777 2585 modo.
1789 2531 1859 2600 Quae

237 2603 317 2666 atque
332 2613 362 2652 ea
377 2616 436 2669 qun
451 2604 596 2657 scetttrdtttn
610 2621 693 2674 genus
707 2613 758 2669 est,
775 2604 929 2657 ditersitatc
944 2602 1023 2655 modo
1074 2602 1185 2669 questio
1199 2618 1251 2658 nun
1264 2611 1305 2656 est
1318 2602 1442 2670 simplet,
1459 2603 1506 2657 sed
1526 2616 1559 2656 ex
1578 2600 1688 2655 dirersis
1703 2603 1859 2670 quaestioni-

238 2675 338 2737 tacens,
351 2685 409 2724 eam
425 2685 484 2740 qnae
499 2675 642 2729 sennodum
656 2676 784 2730 rationem
800 2683 842 2728 est
855 2673 928 2741 prius
942 2670 1024 2726 vcsti-
1075 2669 1126 2727 ltus
1136 2671 1240 2741 juncta.
1264 2671 1311 2726 llis
1325 2673 1396 2727 enim
1419 2673 1507 2725 verbis
1522 2671 1557 2726 de
1581 2671 1667 2726 tribus
1680 2671 1732 2725 ttlis
1751 2674 1859 2730 diversa

237 2747 296 2807 gat.
320 2741 391 2796 circa
414 2741 494 2797 linem
520 2745 592 2798 illam
615 2761 674 2814 quae
694 2745 840 2800 secundum
856 2757 939 2811 genus
963 2752 1021 2807 est,
1074 2742 1204 2810 quesisse
1218 2743 1534 2811 intelligiturzprimnm,
1550 2755 1583 2794 an
1594 2742 1813 2810 substantialiter,
1824 2760 1859 2799 an

237 2825 318 2879 quam
332 2813 475 2868 numeralis
489 2828 522 2869 ett
539 2819 697 2872 necessitate
711 2817 841 2886 seqnitur,
858 2825 1022 2868 commento·
1074 2827 1127 2866 nen
1140 2814 1359 2877 substantialiter,
1371 2813 1558 2881 predicentur,
1570 2813 1679 2867 sedatio
1692 2817 1858 2883 morloqttanr

238 2889 355 2938 ratnrus.
380 2882 460 2952 igitur
480 2894 604 2956 tanquam
618 2887 644 2942 in
657 2887 836 2956 sophistarum
853 2898 943 2948 ¹scena,
959 2897 1023 2938 tere
1073 2883 1293 2939 substantialiter.
1307 2883 1426 2952 Denique
1438 2898 1491 2952 qno
1505 2883 1569 2937 atio.
1587 2882 1640 2938 Sed
1658 2882 1762 2938 ridetur
1773 2888 1860 2952 ptimo

238 2949 325 3006 dubiis
341 2954 464 3010 indubius
479 2956 536 3023 ita-e
550 2973 610 3013 sese
622 2957 801 3021 conformans,
816 2958 867 3010 ait:
1074 2968 1194 3023 querere
1208 2954 1343 3018 debuisse,
1366 2968 1399 3007 an
1412 2953 1601 3023 pradceotur.
1613 2969 1646 3006 an
1661 2967 1725 3010 tton.
1741 2953 1816 3020 Quod
1832 2968 1859 3010 ει

275 3025 368 3088 Quaero
380 3043 412 3079 ott
425 3025 536 3082 Poterat
547 3027 633 3084 Filiae
648 3038 671 3083 et
682 3028 794 3098 Spiritus
805 3023 930 3096 torrente]
944 3025 1023 3081 idest
1074 3036 1147 3077 recte
1161 3026 1288 3093 qttaesisse
1301 3032 1401 3092 posset,
1425 3024 1552 3093 quoniam
1562 3024 1682 3078 omnium
1698 3039 1787 3078 return
1800 3026 1860 3081 alic

238 3091 333 3150 horum
346 3099 481 3153 nominum
504 3100 546 3154 itta
562 3100 722 3170 sigttiltcata,
738 3115 797 3166 quaa
809 3098 924 3152 diversis
940 3097 1023 3151 ratio·
1074 3094 1262 3162 praedicantur,
1289 3095 1349 3148 alise
1365 3110 1417 3147 non
1443 3094 1632 3160 predicantur.
1656 3093 1732 3161 Quod
1758 3096 1782 3150 si
1805 3113 1859 3151 uon

239 3164 317 3220 nibus
345 3169 511 3236 grammatici
533 3172 687 3240 qualiates.
710 3169 840 3225 dialectica
860 3168 1020 3235 categorias,
1036 3177 1059 3239 (χ
1075 3165 1213 3231 predicari
1223 3174 1358 3219 constaret
1369 3205 1377 3232 ,
1389 3164 1454 3218 nibil
1464 3165 1636 3234 querendum
1648 3165 1857 3234 relinqueretur.

239 3230 338 3290 bocest
355 3239 569 3309 praedicamenta,
586 3251 692 3306 vocant,
706 3240 884 3308 praedicentur
898 3238 1023 3292 substan·
1075 3237 1102 3289 a'i
1119 3251 1183 3291 tero
1196 3245 1329 3292 constaret
1353 3234 1501 3303 pra-dicari,
1517 3246 1730 3305 rectequnereret
1744 3251 1858 3305 quomo·

239 3303 348 3372 daliter,
364 3308 456 3373 idest,
469 3326 502 3364 an
516 3314 590 3378 jttrtta
605 3312 803 3381 proportionem
814 3324 906 3364 eorum
920 3324 980 3377 quac
996 3312 1020 3363 ln
1073 3305 1108 3359 do
1123 3308 1342 3376 praedicarentur,
1355 3305 1457 3360 scilieet
1468 3319 1502 3358 an
1522 3304 1743 3369 substantialiter,
1759 3321 1791 3360 an
1806 3308 1859 3361 atio

240 3378 1022 3448 naturatibusroeaotoressesubststeotiom,predicentur
1072 3380 1163 3432 modo.
1193 3378 1224 3431 Et
1253 3377 1275 3431 si
1304 3391 1356 3430 non
1384 3374 1605 3439 substantialiter,
1633 3377 1679 3430 sed
1702 3378 1858 3444 potiusalio

239 3445 273 3498 de
289 3446 442 3513 llivinitate,
462 3451 488 3504 id
502 3460 544 3506 est
555 3454 588 3506 de
602 3453 654 3507 illis
669 3452 722 3519 qui,
739 3451 865 3518 quoniam
878 3450 936 3503 ειιιιι
952 3450 1022 3503 iliri-
1073 3448 1162 3514 morlo,
1180 3457 1290 3502 restaret
1304 3445 1478 3516 quarendum
1488 3462 1541 3512 quo
1552 3446 1616 3499 alio.
1631 3445 1687 3514 lpse
1700 3461 1774 3508 tero,
1788 3464 1858 3515 pne-

239 3517 319 3569 uitatc
329 3527 389 3571 sont
399 3519 425 3572 it
437 3521 506 3587 quod
516 3534 589 3586 sunt,
599 3536 651 3576 non
661 3523 741 3575 tttodo
750 3522 929 3586 Deus,terttm
940 3520 1020 3572 etiam
1072 3519 1196 3572 termissa
1211 3519 1295 3586 prima
1311 3524 1469 3587 qnaesttone,
1484 3529 1516 3571 eo
1529 3515 1599 3580 quod
1612 3516 1737 3570 comibus
1750 3528 1855 3573 certum

238 3584 369 3642 Divinitas
384 3591 561 3658 appellantur,
575 3607 608 3645 an
624 3607 676 3645 non
690 3590 904 3645 substantialiter
926 3589 1021 3656 praedi-

236 3665 332 3711 centor
345 3658 379 3712 de
393 3673 444 3712 ca:
467 3663 513 3716 sed
536 3663 589 3715 alio
602 3662 691 3717 mode.
708 3661 787 3715 tddit
811 3658 939 3731 quotibet.
955 3675 1020 3726 qno·

237 3727 307 3780 niatn
323 3728 350 3782 in
364 3729 539 3795 natttralibtts,
553 3747 566 3785 a
584 3733 679 3802 quibus
693 3734 726 3786 ad
740 3731 916 3799 tbeologtooo
929 3730 1019 3797 ltttjtts·

238 3797 1020 3871 attoditerboramexalirttjusrationisptoportionetrans-

237 3867 306 3921 latus
320 3879 361 3923 est
377 3885 450 3935 usus,
467 3887 519 3926 nott
544 3888 612 3927 unns
636 3874 710 3928 solus
735 3871 964 3941 praedicendorum
979 3885 1018 3926 est

237 3939 342 3993 modus.
354 3938 419 3994 Nam
438 3942 543 3996 iliorum
561 3946 642 3998 etiarn
656 3959 715 4013 quae
730 3959 781 3998 non
795 3951 856 3997 sunt
869 3943 1018 4009 aliquorum

235 4023 305 4075 esse,
327 4011 449 4081 quaedam
473 4014 619 4068 secundam
634 4028 674 4079 se,
691 4015 717 4069 id
732 4023 783 4079 est,
799 4028 852 4069 nnn
878 4029 910 4068 ert
930 4013 1018 4082 aliqua

235 4079 380 4136 collatione
402 4082 602 4154 intelliguntur:
617 4093 645 4139 ut
659 4085 748 4139 album
763 4087 862 4138 nullius
875 4084 1020 4139 collatione

238 4151 339 4205 dicitur
349 4151 438 4208 album
447 4171 454 4218 ;
464 4155 514 4209 alia
525 4157 636 4210 torosio
646 4157 833 4224 praedicantur,
846 4155 916 4224 quod
925 4168 1018 4208 enrttm

237 4221 425 4287 praedieatione
439 4240 469 4279 ea
491 4227 525 4281 de
538 4228 634 4296 quibos
647 4226 837 4293 predicantur,
853 4225 913 4279 aliis
927 4223 1019 4278 conle-

235 4302 344 4349 runtttr:
360 4304 388 4348 ιιι
401 4295 483 4357 locus,
498 4312 551 4367 quo
574 4297 671 4367 aliquid
697 4296 795 4351 dicitur
808 4311 869 4349 csse
888 4296 971 4357 ultra;
991 4301 1019 4348 et

236 4373 350 4430 tempus,
364 4379 418 4434 qtto
432 4368 529 4421 dicitur
543 4368 715 4431 ltoaliernum;
731 4375 759 4422 el
771 4366 887 4428 babitus,
909 4381 962 4434 qttu
977 4364 1019 4417 di-

234 4432 304 4488 citttt
318 4436 464 4502 galeatum:
478 4450 503 4493 et
519 4439 625 4500 relatio,
642 4452 693 4505 qua
715 4437 811 4491 dcitur
825 4438 879 4491 tale
896 4434 937 4489 vel
958 4446 1016 4488 tan·

236 4514 302 4556 tum.
312 4505 358 4558 llis
367 4510 436 4558 enirn
448 4508 571 4562 renonibus
581 4509 701 4573 qttatdatu
713 4509 763 4561 alia
772 4507 1013 4575 subintelliguntur.

236 4573 299 4626 ilem
312 4575 404 4629 trorum
418 4578 469 4631 alia
485 4578 629 4632 secundant
641 4593 708 4644 rrtn,
723 4588 750 4630 ut
763 4577 832 4632 idem
846 4578 951 4640 albuttt;
964 4576 1015 4629 alia

235 4643 313 4698 alita
333 4645 511 4714 extrinsecus,
539 4661 565 4701 ut
594 4647 664 4702 idem
690 4648 775 4714 locus,
793 4659 820 4702 et
845 4657 941 4702 caetera
957 4661 1017 4716 quse

234 4715 314 4768 motio
329 4716 398 4769 dicta
413 4728 485 4782 sunt,
509 4728 536 4772 ct
557 4719 669 4772 aliorutn
696 4734 823 4787 generum
839 4719 901 4773 alta.
920 4717 966 4772 llis
989 4725 1018 4771 ct

233 4784 497 4855 aliisquisecnodunt
510 4787 657 4845 divisiones
671 4790 781 4842 aliatum
791 4789 1015 4856 possuotosteodi

235 4857 330 4919 modis,
354 4858 387 4911 de
409 4858 616 4913 subsistentibus
643 4859 723 4912 tottlta
751 4860 884 4914 dicuntur.
902 4860 1016 4929 ltleoqttc

232 4940 292 4980 curn
303 4926 361 4981 lta-c
375 4927 407 4980 ad
422 4928 571 4998 theologica
587 4930 793 4995 transferuntur,
809 4931 844 4984 ibi
864 4942 970 4999 quoque
982 4943 1016 4985 ea

234 4996 395 5065 praolicandi
409 5000 503 5052 modus
517 5011 558 5053 cst
574 4999 723 5068 multiplea.

275 5068 406 5136 l'inntqttc,
422 5067 576 5141 nemausi
591 5086 598 5122 ε
614 5069 751 5138 Tattqttnm
777 5070 893 5138 sopltista
910 5084 1011 5138 quaero,

233 5153 267 5192 tttr
287 5141 507 5201 substantialiter,
534 5155 567 5193 an
581 5141 634 5193 alio
648 5147 736 5202 tttodo,
752 5151 780 5195 et
794 5156 847 5210 qtto
870 5141 933 5207 alio,
956 5141 1013 5195 ittet

233 5209 357 5276 praedicta
367 5208 400 5261 da
414 5212 478 5277 ileo,
492 5212 517 5265 id
526 5218 567 5264 cst
575 5211 606 5263 dc
616 5209 706 5277 ltisqni
718 5219 780 5262 suttt
790 5226 857 5263 unus
872 5208 954 5274 Deus,
964 5210 1017 5264 imo

231 5293 285 5333 urta
309 5279 445 5347 divinitas,
481 5281 667 5348 praedicantur.
692 5279 828 5350 Tarttqoant
852 5294 915 5334 vcro
930 5283 1017 5335 serius

232 5351 442 5414 dentonstrator,
458 5352 529 5421 quod
544 5352 639 5404 ltorunt
654 5351 688 5405 de
713 5349 756 5404 bis
768 5367 859 5404 nerunt
879 5352 925 5413 sit,
941 5352 1016 5407 'ttttla-

231 5433 295 5487 gare
309 5433 471 5489 magnopere
497 5438 572 5488 cttro,
598 5424 720 5490 uiamque
746 5421 877 5489 indaginis
902 5423 1017 5477 arbitror

1071 3596 1114 3643 est
1137 3588 1181 3642 illa
1195 3603 1208 3640 a
1224 3587 1322 3656 quibus
1339 3587 1405 3642 trina
1430 3587 1522 3640 borum
1548 3586 1683 3639 nominum
1711 3588 1857 3655 appellatio

1072 3669 1113 3712 est
1128 3658 1278 3728 predicari,
1294 3658 1438 3712 secundam
1450 3670 1480 3709 ac
1491 3657 1595 3711 tertiam
1607 3657 1632 3709 in
1641 3671 1692 3709 ttoa
1703 3658 1855 3727 coniungit.

1071 3728 1125 3783 Sed
1142 3731 1167 3783 in
1183 3729 1354 3797 indagatione
1380 3742 1431 3797 qua
1447 3735 1616 3795 ttlrarutnque
1633 3727 1733 3780 decutit
1747 3726 1854 3781 dubtta·

1072 3801 1183 3865 lintrem,
1207 3813 1254 3853 eas
1273 3799 1368 3854 diuidit
1383 3814 1389 3851 :
1404 3808 1431 3851 et
1447 3799 1575 3865 primum,
1596 3795 1658 3865 quid
1680 3796 1713 3850 de
1736 3796 1780 3850 illa
1802 3813 1855 3866 qua

1072 3869 1202 3938 quaeritur
1225 3885 1258 3924 an
1287 3869 1509 3931 substantialiter,
1522 3882 1555 3920 ao
1579 3881 1632 3922 non
1645 3866 1857 3924 substantialiter

1072 3941 1251 4009 praedicentur
1262 3939 1430 3994 sentiendum
1449 3939 1495 4001 sit,
1507 3939 1593 4006 aperit
1605 3953 1636 3991 ca
1651 3939 1855 3993 ratiocinatione

1070 4026 1149 4079 quam
1162 4011 1257 4064 Cicero
1270 4009 1416 4078 simplicem
1427 4008 1626 4063 conclusionem
1641 4010 1772 4076 appellat,
1796 4025 1856 4078 qun

1070 4089 1113 4136 est
1125 4079 1277 4149 hujusmodi
1293 4097 1299 4132 :
1311 4079 1443 4148 Quidquid
1457 4077 1492 4132 de
1502 4077 1557 4132 beo
1567 4078 1777 4134 substantialiter
1787 4094 1856 4148 prae·

1070 4152 1183 4214 dicator,
1200 4150 1226 4204 id
1240 4160 1267 4205 et
1293 4152 1327 4204 dc
1353 4152 1440 4214 l'atrc’,
1455 4158 1482 4202 et
1501 4149 1535 4204 de
1556 4149 1634 4212 Filio,
1650 4157 1678 4203 et
1698 4149 1733 4205 de
1756 4151 1855 4217 Spiritu

1070 4233 1175 4286 saneto,
1189 4231 1217 4275 et
1229 4220 1335 4274 divisim
1351 4223 1385 4275 de
1399 4221 1531 4288 quolibet,
1544 4226 1572 4273 ει
1585 4219 1664 4273 simul
1675 4220 1709 4274 de
1730 4221 1856 4273 ontuibus

1070 4291 1177 4346 dicitur.
1193 4292 1300 4345 Nullum
1313 4302 1403 4346 autent
1419 4292 1512 4343 borum
1529 4289 1652 4358 aquibus
1665 4299 1719 4345 tres
1730 4290 1780 4343 ittae
1793 4300 1856 4344 sunt

1069 4362 1271 4432 appellationes,
1288 4361 1391 4416 scilicet
1405 4362 1492 4424 Pater,
1505 4359 1598 4422 Filtus,
1611 4358 1725 4426 Spiritus
1735 4373 1853 4424 sanctus,

1071 4434 1231 4497 pra-dicatur
1242 4433 1276 4484 de
1289 4434 1425 4494 oratoribus,
1452 4430 1493 4483 rel
1515 4429 1682 4496 singillatim,
1695 4431 1736 4484 εει
1763 4429 1855 4483 sintnl.

1094 4505 1176 4556 ullum
1213 4503 1291 4569 igtzur
1324 4502 1419 4556 borum
1453 4498 1664 4555 substantialiter
1686 4499 1854 4568 praedicatur.

1031 4502 1156 4640 DIlqlttjus
1170 4583 1259 4627 autent
1273 4572 1485 4626 ratiocinationis
1507 4571 1620 4638 primam
1636 4581 1750 4639 partem,
1774 4587 1854 4638 qnam

1070 4643 1423 4712 dialecticipropositionem
1437 4643 1479 4696 rcl
1490 4650 1635 4707 sumptum,
1658 4644 1781 4693 rltctorcs
1806 4657 1855 4695 cs·

1070 4715 1231 4785 positionem
1263 4713 1417 4779 nominant,
1447 4713 1585 4765 catltolicaa
1615 4709 1675 4763 tidei
1696 4710 1856 4764 auctoritato

1069 4784 1220 4841 cttttltrmat.
1236 4781 1277 4838 ab
1293 4784 1342 4838 ltac
1357 4784 1446 4853 igitur,
1461 4781 1558 4850 inquit,
1571 4784 1639 4834 tiam
1656 4779 1787 4849 indaginis
1810 4796 1857 4834 su-

1069 4872 1156 4920 nteas,
1171 4861 1193 4909 si
1206 4857 1367 4923 interrogent
1389 4868 1423 4906 an
1444 4852 1487 4906 ille
1500 4853 1543 4919 qni
1555 4851 1653 4905 dicitur
1669 4851 1746 4904 Pater
1758 4850 1790 4903 sit
1812 4866 1857 4904 se-

1069 4927 1185 4980 eonduro
1198 4928 1288 4983 motos
1299 4925 1340 4978 sui
1354 4923 1513 4985 substantia,
1529 4922 1555 4975 id
1569 4933 1609 4976 est
1622 4922 1776 4975 essenssive
1791 4926 1855 4974 sub·

1069 4997 1188 5057 sistetts,
1218 4995 1396 5063 respondetur
1423 4994 1561 5048 catltolicae
1589 4993 1649 5045 tidci
1675 4993 1855 5054 auctoritate,

1069 5064 1139 5136 qood
1152 5081 1214 5119 roro
1226 5078 1264 5117 est
1280 5065 1437 5118 substantia.
1450 5065 1525 5130 Quod
1537 5061 1560 5115 si
1574 5077 1690 5130 quaeram
1705 5077 1739 5114 an
1753 5063 1797 5116 ille
1810 5064 1855 5127 qni

1069 5137 1167 5191 dieitur
1181 5135 1265 5190 Filius
1280 5134 1428 5189 substantia
1451 5136 1496 5196 sit,
1509 5134 1628 5202 ejusdem
1640 5133 1779 5185 catltclicae
1793 5134 1856 5185 litlei

1069 5207 1238 5271 auctoritate,
1253 5205 1324 5259 idern
1339 5205 1454 5258 dicitur:
1475 5203 1609 5265 vilelicet,
1632 5211 1673 5256 est
1696 5203 1855 5256 substantia.

1069 5277 1199 5347 Spiritum
1210 5289 1316 5343 quoque
1330 5285 1451 5329 sanetum
1467 5289 1546 5328 nctno
1568 5274 1708 5327 cattrolicaa
1734 5270 1795 5326 dalei
1808 5272 1857 5328 du·

1069 5349 1204 5413 hilarent,
1227 5349 1251 5401 id
1275 5359 1317 5400 εει
1335 5345 1459 5399 dubttarc
1474 5343 1581 5412 potetil,
1596 5358 1655 5397 esse
1668 5342 1856 5397 substantiam.

1071 5420 1208 5489 Selgitur
1222 5417 1255 5471 tic
1270 5414 1381 5484 singulis
1394 5430 1441 5484 per
1452 5432 1480 5468 sc
1495 5425 1575 5482 atque
1594 5413 1703 5467 division
1726 5412 1859 5482 praedira-

231 5503 290 5544 esse
312 5490 471 5545 sumendam
490 5492 560 5552 bitte.
587 5492 657 5545 unde
677 5491 796 5546 omniurn
821 5507 909 5545 rernm
934 5492 1018 5545 mani·
1072 5500 1110 5541 tut
1127 5489 1294 5552 substantia3
1311 5500 1360 5539 nec
1374 5485 1454 5540 ruodo
1466 5484 1571 5539 ditisitn
1586 5485 1618 5538 de
1630 5483 1751 5552 sittgults,
1767 5483 1815 5536 soti
1828 5495 1858 5538 ct

231 5563 343 5622 testum,
361 5562 462 5615 ltocest
476 5562 619 5618 manilcste
632 5562 852 5615 lirmnmeoostut
864 5563 1014 5621 exordium,
1070 5558 1201 5614 collectim
1228 5560 1262 5612 de
1288 5558 1372 5610 tribus
1392 5556 1486 5611 eadent
1512 5555 1668 5624 praedicatur
1695 5555 1855 5607 sulntaotta.

231 5628 256 5679 ot
272 5640 313 5683 cst
327 5632 360 5681 ab
374 5631 439 5698 ipsis
450 5634 590 5686 catholicae
611 5631 674 5686 littei
693 5632 881 5687 ltrndatoentis.
898 5632 926 5684 ln
939 5641 1017 5685 caete·
1069 5645 1128 5684 cum
1148 5631 1219 5681 enirn
1241 5642 1334 5682 rursus
1347 5627 1455 5695 colligo,
1478 5625 1558 5680 simul
1571 5637 1722 5693 supponens
1738 5623 1856 5686 Patrem,

230 5695 269 5749 ris
284 5697 466 5764 iacultatibtts,
481 5704 507 5755 in
524 5705 620 5770 qntbus
641 5716 748 5768 semper
767 5702 963 5762 consuetudini,
979 5717 1017 5754 rc·
1069 5710 1096 5753 et
1111 5698 1219 5763 littora,
1234 5710 1260 5752 ct
1271 5696 1401 5765 Spiritum
1418 5704 1550 5760 sattctunt,
1562 5697 1654 5750 eadem
1665 5695 1716 5749 lide
1729 5711 1780 5747 noo
1796 5699 1854 5762 pfu-

210 5774 301 5837 ·ttlt!.e
318 5771 481 5836 generalitas
504 5784 584 5843 atque
609 5776 755 5827 necessitas
778 5773 994 5828 accommodatur
1008 5815 1014 5838 ,
1070 5784 1112 5825 rcs
1127 5783 1241 5824 numero
1257 5769 1446 5836 essettliarttm,
1462 5767 1508 5823 sed
1522 5765 1646 5823 essctttic
1671 5765 1748 5819 unius
1763 5765 1858 5836 singn-
