3946 6186
137 368 140 375 Ι
220 278 251 341 71
831 289 888 347 att.
907 292 1014 350 detti..
1034 295 1113 352 SEV.
1133 296 1247 353 noctu
1824 308 1860 364 72

229 432 1854 505 Q

279 562 282 569 ’
524 610 655 718 att.
724 614 965 724 nnnc.
1035 615 1215 726 seu.
1285 624 1557 732 nouum

706 805 1387 946 COMMENTARIA

558 1006 612 1089 ΙΝ
650 1009 984 1090 PORPHYRIUM
1010 1011 1042 1089 ll
1080 1010 1139 1091 SE
1164 1009 1520 1097 Tutdsunuttttt.

895 1196 1174 1217 ψ

805 1312 999 1418 LIBER
1035 1315 1300 1427 PRIMUS.

254 1596 396 1657 &candus
421 1595 466 1653 bic
489 1602 607 1667 arreptae
622 1594 802 1666 expositionis
825 1591 1227 1656 tabornostreeabsenttun
1253 1591 1441 1668 intelligentia,
1464 1595 1508 1654 rel
1533 1597 1561 1654 in
1585 1600 1738 1672 ignotarum
1752 1603 1866 1677 inquisi-

217 1691 317 1749 seriem
332 1688 517 1748 translationis
530 1686 668 1757 expediet,
683 1687 777 1760 inqua
792 1686 901 1758 quidem
918 1700 1019 1745 uereor
1068 1683 1144 1741 tione
1163 1691 1297 1741 versatur.
1320 1685 1386 1743 lime
1400 1697 1501 1746 tautum
1515 1689 1634 1749 bumano
1655 1695 1747 1766 generi
1762 1686 1864 1767 presto

218 1798 255 1841 ue
281 1783 409 1840 subierim
434 1781 479 1838 ludi
502 1781 660 1853 interpretis
674 1780 792 1852 culpam,
820 1795 882 1836 cum
901 1780 1017 1838 rerburn
1068 1785 1121 1843 est,
1143 1790 1204 1849 que
1229 1778 1384 1836 nonsotum
1409 1795 1507 1840 sensus
1521 1784 1653 1857 imagines
1678 1789 1812 1858 perlectas
1838 1800 1867 1851 ει

220 1875 303 1933 verbo
318 1888 476 1946 expressum
492 1881 729 1943 comparatumque
742 1870 918 1929 reddiderim.
933 1871 1017 1942 Cujus
1068 1884 1122 1927 uon
1137 1870 1289 1929 inconditas
1302 1873 1391 1945 capit,
1420 1874 1469 1931 sed
1490 1876 1572 1933 etiam
1587 1878 1669 1948 pleno
1689 1890 1752 1938 actu
1766 1883 1867 1941 iintelli-

224 1968 335 2040 incoepti
350 1968 421 2024 ratio
444 1974 496 2034 cst,
512 1964 584 2039 quud
598 1963 804 2034 inbisscriptis
818 1963 956 2036 inquibus
973 1978 1018 2021 re·
1067 1965 1166 2037 gentiae
1191 1965 1265 2038 quud
1289 1965 1446 2038 imaginatio
1469 1969 1623 2041 suggessit,
1646 1972 1764 2043 explicat
1784 1982 1866 2046 atque

220 2077 281 2119 rum
292 2058 557 2132 cognitioquaeritur,
569 2071 623 2113 non
635 2054 920 2113 lucutenteorattonta
929 2054 1016 2126 lepus,
1067 2054 1340 2130 confit-multaque,
1357 2066 1387 2115 ut
1399 2058 1500 2117 dictum
1514 2069 1567 2131 εει,
1582 2061 1645 2118 huic
1654 2063 1752 2121 divinae
1763 2073 1866 2123 nature

222 2153 271 2212 sed
282 2155 436 2223 incorrupta
445 2152 544 2209 renites
554 2150 732 2223 exprimenda
741 2159 793 2207 est.
805 2145 937 2219 Quocirca
947 2148 1018 2205 mul·
1067 2164 1121 2207 nun
1133 2165 1164 2207 ea
1177 2158 1281 2207 tentum
1297 2152 1324 2208 in
1333 2150 1487 2237 cognitione
1501 2152 1640 2210 sulliciunt
1667 2170 1728 2228 quan
1742 2157 1866 2226 subjecta

223 2257 280 2303 tum
295 2244 443 2319 proiecisse
464 2243 587 2312 videbor,
606 2243 630 2300 si
640 2243 816 2316 philosophiae
832 2241 909 2297 libris
921 2241 1016 2298 Latina
1067 2247 1195 2304 sensibus
1202 2247 1417 2319 comprehendit,
1426 2262 1521 2306 rerum
1533 2248 1615 2306 etiam
1623 2256 1652 2307 ει
1662 2244 1865 2308 insensibilibus

220 2339 343 2397 oratione
353 2339 509 2411 compositis
522 2337 759 2409 perintegerrime
770 2335 952 2393 translationis
962 2338 1018 2393 sin·
1068 2340 1261 2412 imaginatione
1273 2349 1416 2411 concepta,
1437 2349 1466 2397 et
1477 2341 1636 2399 absentibus
1650 2343 1733 2400 rebus
1757 2345 1866 2402 numina

220 2435 373 2504 ceritatem,
389 2433 455 2490 nibil
471 2434 497 2489 in
510 2433 665 2489 Graecorum
678 2432 776 2488 litteris
788 2430 905 2503 amplius
914 2429 1018 2489 deside·
1069 2435 1163 2493 indere
1173 2444 1277 2507 potest,
1291 2443 1320 2492 et
1331 2435 1405 2508 quod
1415 2436 1600 2509 intelligentiae
1623 2437 1729 2494 ratione
1743 2451 1866 2509 compre·

220 2534 305 2582 retur.
323 2523 494 2595 linquoniam
514 2525 639 2580 immanis
653 2523 750 2580 animis
760 2522 1017 2581 excellentissimum
1069 2527 1173 2596 itendit,
1198 2528 1390 2585 vocabulorum
1403 2541 1512 2602 qnoque
1524 2528 1704 2602 positionibus
1713 2530 1811 2601 aperit.
1828 2528 1866 2586 ll·

220 2617 321 2673 bunum
337 2616 515 2690 pbilosoplriae
526 2626 713 2687 comparatum
727 2625 788 2687 εει,
815 2626 843 2674 ut
856 2618 907 2674 riae
920 2632 954 2675 ex
971 2616 1018 2674 illo
1070 2620 1116 2675 lud
1131 2630 1239 2691 quoque
1252 2619 1278 2675 ei
1300 2628 1405 2676 nature
1419 2620 1559 2692 proprium
1572 2628 1626 2687 εει,
1639 2629 1670 2675 ut
1693 2627 1741 2690 per
1761 2633 1792 2676 ea
1806 2633 1866 2689 quse

221 2709 338 2781 quodam
356 2708 486 2779 procedat
509 2708 590 2777 ratio,
604 2723 638 2767 ex
652 2710 750 2766 animae
762 2710 847 2782 ipsius
864 2709 1018 2767 ellleientiis
1069 2711 1121 2767 sibi
1136 2718 1199 2767 nota
1220 2719 1285 2766 suut
1303 2710 1396 2783 ignota
1410 2712 1536 2783 vestiget,
1549 2719 1577 2768 et
1598 2712 1652 2767 tion
1666 2711 1753 2767 solum
1768 2724 1865 2766 unum·

218 2799 769 2873 ordiendumest.'lripleaomninuanime
778 2802 819 2857 ris
828 2801 1018 2873 iuregetaudis
1070 2789 1244 2875 qnodque'an
1259 2803 1306 2872 sit,
1318 2801 1367 2860 sed
1381 2803 1447 2874 quid
1461 2804 1587 2861 sitetiam
1600 2811 1630 2860 et
1642 2803 1722 2875 quale
1742 2804 1788 2872 sit,
1802 2817 1865 2859 nec·

219 2895 377 2965 corporibus
389 2891 612 2964 deprehenditur.
621 2893 740 2962 Quarum
753 2907 805 2950 una
815 2893 925 2967 quidem
934 2893 1018 2950 sitam
1071 2911 1126 2954 non
1140 2911 1189 2953 cur
1212 2896 1249 2952 sit
1261 2902 1339 2965 optet
1358 2908 1516 2967 agnoscere.
1531 2895 1618 2962 Quam
1632 2895 1744 2966 triplicis
1769 2895 1867 2952 anime

219 2989 341 3061 corporis
354 2987 549 3054 subministrat,
564 2995 595 3043 ut
610 2989 747 3044 nascendo
768 2997 884 3058 crescat,
907 2987 1019 3046 alendo·
1070 2989 1125 3045 rim
1149 2987 1207 3044 sola
1231 2985 1370 3042 bominum
1385 2987 1429 3058 lut
1450 2985 1551 3041 dietum
1577 2983 1632 3054 est)
1654 2994 1749 3039 natura
1771 2988 1866 3044 sortita

220 3094 272 3153 que
290 3078 428 3136 subsistat.
444 3077 504 3134 alia
519 3090 584 3134 tero
601 3076 736 3134 sentiendi
757 3078 888 3150 judicium
903 3079 1016 3148 prebet.
1031 3077 1120 3141 Best.
1133 3080 1326 3150 cuiusauimac
1336 3079 1378 3136 uis
1389 3078 1574 3149 intelligentie
1584 3076 1700 3134 mutibus
1711 3091 1766 3131 non
1778 3087 1866 3147 earet,

220 3171 311 3231 Tertia
323 3172 351 3228 ri
367 3170 465 3228 mentis
479 3178 507 3225 ει
517 3168 622 3225 ratione
635 3169 749 3225 subnixa
764 3179 816 3226 est.
830 3172 948 3238 Quarum
958 3169 1018 3241 qui*
1070 3176 1133 3248 quia
1145 3175 1172 3231 in
1183 3173 1349 3245 bisquatuur
1360 3171 1476 3245 proprie
1490 3171 1544 3227 rim
1557 3169 1669 3227 rationis
1678 3178 1798 3226 exercet.
1814 3169 1867 3231 lut

221 3266 284 3325 dem
298 3265 392 3335 priora
406 3265 433 3321 id
445 3262 564 3319 ulllcium
579 3274 639 3332 cst,
653 3270 684 3318 ut
695 3262 838 3329 creandis,
853 3260 1017 3330 nutriendis,
1069 3269 1142 3323 enim
1155 3265 1257 3337 abquid
1270 3280 1306 3321 an
1320 3265 1356 3321 sit
1370 3264 1496 3334 inquirit,
1511 3272 1559 3319 ant
1579 3263 1603 3318 si
1625 3276 1687 3319 esse
1702 3261 1866 3333 constiterit,

223 3360 378 3432 alendisque
395 3357 554 3430 corporibus
565 3364 663 3428 praesto
677 3356 723 3424 sit,
739 3356 843 3412 nullum
857 3371 923 3413 vcro
936 3354 1018 3412 ratio·
1070 3358 1134 3430 quid
1149 3358 1186 3414 sit
1207 3355 1235 3413 id
1249 3355 1367 3414 dubitat.
1382 3354 1460 3424 Quod
1475 3357 1499 3412 si
1513 3355 1595 3413 etiam
1613 3355 1754 3428 utriusque
1777 3357 1866 3412 seien-

223 3456 266 3515 nis
279 3460 529 3525 praestetsensusre
547 3449 689 3520 iudicium.
706 3450 768 3505 llaec
781 3459 871 3506 autem
890 3457 933 3506 εει
956 3448 1018 3506 Ιιει-
1072 3448 1135 3506 tiam
1150 3450 1256 3507 ratione
1279 3448 1411 3521 possidet,
1427 3449 1508 3521 quale
1531 3449 1569 3505 sit
1583 3446 1794 3521 unumquodque
1821 3463 1866 3506 re·

221 3550 317 3608 barum
341 3556 421 3619 atque
439 3545 580 3614 arborum,
595 3553 625 3602 et
638 3543 768 3616 quidquid
795 3553 875 3601 terrae
888 3542 1019 3601 radicitus
1071 3544 1162 3616 stiget,
1174 3552 1255 3617 atque
1269 3544 1296 3602 in
1309 3558 1343 3601 eu
1357 3553 1456 3602 caetera
1465 3543 1645 3602 accidentium
1659 3557 1794 3600 momenta
1805 3559 1866 3616 per·

220 3642 330 3701 affixum
347 3650 465 3700 tenetur.
477 3639 603 3697 munda
618 3654 684 3696 reru
693 3638 842 3709 composita
857 3648 937 3711 atque
950 3653 1019 3696 oon·
1071 3639 1163 3710 quirit,
1173 3640 1271 3711 quibus
1282 3639 1409 3710 cognitis,
1418 3653 1468 3696 cur
1477 3640 1513 3696 ita
1527 3640 1563 3697 sit
1574 3640 1715 3712 quaeritur,
1726 3649 1754 3696 ει
1763 3640 1866 3699 ratione

220 3738 312 3811 iuncta
330 3745 382 3803 eat,
397 3743 425 3790 et
436 3732 550 3803 primam
565 3732 617 3788 sibi
633 3746 744 3787 sumens
756 3740 786 3788 ει
798 3731 825 3786 in
836 3740 940 3801 partem
955 3746 1021 3789 cun·
1071 3731 1246 3788 nibilominus
1271 3732 1399 3804 uestigat.
1414 3729 1481 3789 Cum
1505 3731 1587 3804 igitur
1613 3730 1685 3788 actio
1708 3732 1744 3788 sit
1758 3732 1866 3793 humani

221 3829 346 3897 stituens,
365 3826 469 3882 sarium
492 3839 525 3880 ac
546 3823 714 3881 multiforme
732 3822 864 3894 iudiciuin
886 3822 1021 3895 capietis
1070 3825 1168 3897 antimi,
1180 3833 1211 3882 ut
1224 3840 1333 3898 semper
1346 3832 1393 3881 aut
1405 3825 1433 3882 in
1445 3826 1618 3897 presentium
1633 3841 1722 3882 rerum
1743 3840 1866 3898 cotupre·

221 3922 319 3996 quibua
331 3935 429 3992 capere
441 3928 539 3992 potest.
551 3918 639 3975 Omne
650 3918 723 3975 enim
737 3919 837 3975 animal
851 3919 923 3991 quud
939 3934 1020 3977 sensu
1072 3916 1213 3985 bensioue,
1229 3926 1276 3972 aut
1291 3917 1318 3974 in
1330 3916 1482 3974 absentium
1495 3916 1682 3988 intelligentia,
1693 3916 1777 3972 autin
1793 3919 1866 3988 ignu-

221 4017 305 4088 uiget,
317 4013 388 4071 idem
403 4020 431 4069 ει
446 4012 567 4070 nascitur
586 4022 613 4069 et
632 4013 751 4069 nutritur
764 4022 792 4070 et
806 4012 900 4070 alitur.
916 4013 1021 4071 Sensus
1071 4017 1160 4065 tarum
1175 4008 1350 4081 inquisitione
1374 4017 1455 4080 atque
1475 4008 1631 4064 inventione
1646 4014 1788 4078 versetur,
1812 4010 1866 4064 dno

221 4118 288 4167 sero
307 4103 408 4163 diversi
430 4112 535 4161 suntet
555 4119 641 4175 usquc
655 4104 689 4159 ad
702 4103 856 4175 quinarium
878 4120 1021 4162 numerum
1072 4101 1173 4157 suntin
1184 4103 1284 4173 quibus
1299 4115 1406 4157 ornnem
1417 4114 1527 4172 operam
1543 4101 1584 4156 uis
1597 4099 1695 4156 anime
1705 4100 1866 4157 ratiocinan-

117 4242 120 4247 .
202 4240 205 4245 ,
223 4198 349 4257 tendum.
370 4197 464 4268 ltaque
486 4194 616 4268 quidquid
633 4204 736 4251 tannim
751 4196 842 4266 alitur,
860 4212 914 4253 uon
939 4198 1019 4254 etiam
1072 4192 1107 4247 tis
1122 4192 1263 4263 impendit.
1274 4190 1361 4248 Unum
1373 4191 1494 4263 quidem,
1505 4200 1535 4246 ut
1547 4205 1638 4247 rerum
1653 4200 1765 4247 naturas
1776 4192 1866 4263 inqui-

221 4291 316 4359 rentit,
327 4288 457 4363 quidquid
467 4302 534 4345 tero
546 4287 648 4344 sentire
658 4296 757 4357 potest,
773 4288 798 4343 ei
813 4287 900 4358 prima
914 4303 1021 4361 quoque
1073 4285 1178 4342 sitionis
1191 4296 1264 4342 certa
1275 4287 1380 4342 ratione
1392 4296 1554 4359 cognoscam
1572 4288 1685 4344 alterum
1701 4302 1777 4357 vero,
1790 4297 1819 4343 ut
1831 4288 1866 4344 ad

221 4384 265 4443 sis
279 4383 389 4450 aalma,
403 4379 534 4451 nascendi
550 4380 655 4437 scilicet
668 4388 750 4452 atque
769 4380 906 4437 nutriendi
921 4382 1021 4451 proba·
1072 4375 1211 4432 scientiam
1234 4377 1309 4447 prius
1329 4377 1419 4433 veniat
1442 4377 1514 4449 quod
1537 4389 1597 4450 post
1614 4379 1731 4450 gravitas
1757 4379 1866 4438 moralis

222 4485 266 4534 tur
286 4490 349 4534 esse
374 4473 505 4547 subjecta.
526 4472 629 4541 Quibus
645 4487 713 4530 acro
737 4487 834 4530 sensus
860 4475 948 4541 adest,
965 4489 1018 4530 non
1033 4478 1207 4549 clescreeat,
1221 4470 1319 4542 quibus
1343 4469 1511 4542 inquirendis
1525 4473 1659 4541 permulta
1677 4486 1740 4530 esse
1754 4486 1866 4531 necesse

222 4578 327 4627 uatum
340 4582 388 4626 eas
410 4582 502 4623 rerum
523 4567 632 4638 capiunt
650 4564 764 4635 luimus,
777 4567 875 4638 quibus
897 4567 1017 4626 sensibili
1071 4575 1124 4629 est,
1139 4577 1199 4635 quaa
1218 4563 1395 4636 vestigantem
1418 4565 1567 4621 animumn
1589 4566 1656 4622 recti
1683 4565 1788 4622 itineris
1810 4580 1864 4623 nou

222 4675 337 4733 corpore
358 4658 493 4717 leriuntur
514 4667 669 4731 praesente,
689 4658 737 4717 sed
761 4661 874 4718 absente
901 4676 1019 4733 quoque,
1073 4642 1214 4714 ntiuimum
1227 4658 1415 4730 progressione
1425 4656 1571 4725 deducant,
1586 4667 1615 4714 ut
1626 4658 1653 4714 in
1669 4659 1761 4715 multis
1775 4659 1866 4718 evenit

222 4752 450 4826 sensibilibusque
462 4752 590 4823 sepositis
602 4760 665 4809 ante
682 4753 849 4824 cognitarum
870 4769 953 4811 sensu
967 4754 1021 4810 lor·
1074 4752 1206 4820 Epicuro,
1222 4751 1268 4823 qui
1282 4750 1379 4809 atomis
1391 4751 1519 4808 mundum
1532 4761 1656 4810 constare
1670 4763 1762 4825 putat,
1776 4762 1804 4810 et
1817 4753 1867 4811 lto·

178 4874 181 4883 ·
222 4860 328 4905 marum
339 4844 471 4915 imagines
484 4851 588 4911 tenent,
599 4845 812 4915 memoriamque
822 4844 981 4914 conficiunt,
993 4856 1021 4903 et
1073 4851 1178 4900 nestum
1203 4845 1324 4915 corporis
1346 4844 1483 4914 voluptate
1502 4845 1622 4902 metitur.
1639 4845 1805 4902 lleeautem
1823 4846 1866 4901 id·

223 4947 304 5011 prout
321 4935 448 5010 quodque
457 4937 558 4993 animal
573 4936 656 5007 ualet,
673 4937 779 5009 lougius
794 4938 957 5010 breviusque
972 4954 1020 4995 cu·
1071 4936 1145 4993 circo
1155 4936 1218 4993 bnic
1231 4948 1312 5008 atque
1325 4936 1385 4993 aliis
1396 4938 1529 4994 accidisse
1541 4938 1711 4995 manifestum
1723 4945 1780 5005 est,
1796 4950 1865 5007 quo·

223 5031 317 5091 stodit.
331 5028 386 5089 Sed
400 5039 449 5087 eas
468 5030 675 5103 imaginationes
688 5030 816 5089 contusas
834 5041 915 5103 atque
934 5032 1021 5089 ineri-
1071 5030 1143 5085 niam
1164 5044 1212 5100 per
1225 5029 1386 5099 imperitiam
1408 5030 1562 5103 disputandi
1574 5030 1702 5102 quidquid
1717 5030 1880 5109 ratiocinag

224 5125 501 5195 dentessiesumuut,
515 5124 1021 5197 utnibilerearumcunjunctioneae
1072 5120 1145 5177 tione
1166 5121 1430 5193 comprehenderant
1456 5124 1514 5178 laec
1539 5122 1567 5178 in
1591 5134 1636 5178 res
1661 5136 1768 5194 quoque
1791 5122 1864 5197 ipsas

223 5217 420 5293 compositione
432 5216 543 5276 elucere
566 5218 682 5289 possint.
698 5221 786 5292 litque
807 5218 909 5276 idcirco
923 5219 1035 5275 mend·-
1070 5220 1180 5276 ercnire
1202 5219 1410 5277 arbitrabantur.
1424 5219 1473 5275 llic
1488 5232 1555 5274 rero
1571 5225 1684 5291 magnus
1698 5228 1742 5275 est
1760 5233 1839 5276 error
1855 5238 1863 5276 ε

224 5313 298 5369 nisse
310 5310 420 5385 quidem
434 5318 558 5383 pomum,
572 5323 623 5367 nec
637 5325 714 5382 aeqne
725 5310 827 5367 omnia.
841 5311 1019 5368 Amissarero
1070 5312 1239 5383 nequeenim
1252 5327 1312 5370 sese
1325 5328 1370 5372 res
1380 5321 1409 5370 ut
1419 5313 1445 5369 in
1460 5311 1592 5377 urtmeris,
1604 5311 1640 5366 ita
1650 5311 1732 5368 etiam
1746 5313 1772 5368 in
1786 5315 1864 5370 ratie

224 5405 375 5474 oblivione,
399 5404 533 5463 memoria
568 5402 729 5476 recolligere
752 5420 785 5462 ac
808 5418 938 5462 revocare
965 5417 1018 5461 nun
1071 5407 1249 5466 cinationibus
1263 5408 1365 5466 iubet.
1390 5406 1562 5464 innumeris
1588 5409 1660 5465 enim
1680 5407 1811 5480 quidquid
1833 5408 1862 5465 in

224 5508 348 5570 possunt.
358 5498 454 5555 Futuri
461 5512 527 5556 reru
536 5496 579 5554 bis
588 5496 662 5554 nulla
671 5497 791 5570 cognitio
799 5506 851 5555 est.
860 5496 914 5555 Sed
922 5498 1019 5555 animae
1070 5502 1162 5576 digitis
1176 5512 1248 5561 recte
1262 5503 1442 5576 computantis
1453 5502 1554 5571 evenit,
1570 5503 1597 5560 id
1608 5503 1669 5561 sine
1680 5502 1763 5561 dubio
1777 5503 1862 5560 iures

223 5593 267 5650 ris
280 5593 428 5665 tertiaque
437 5607 531 5651 secum
544 5593 649 5664 priores
659 5592 749 5650 alendi
760 5591 937 5651 assentiendi
948 5593 1020 5651 vires
1070 5610 1176 5667 quoque
1191 5595 1263 5669 ipsas
1287 5611 1399 5654 neccsse
1413 5604 1455 5652 est
1477 5594 1606 5653 evenire:
1621 5604 1650 5652 ut
1663 5596 1686 5653 si
1711 5610 1744 5652 er
1758 5595 1862 5652 calculo

225 5685 319 5753 trabit,
327 5685 422 5757 bisque
434 5685 509 5743 reiut
518 5684 624 5742 lamulis
635 5693 716 5757 atque
726 5685 914 5744 obedientibus
924 5685 1018 5754 utitur,
1070 5700 1178 5745 centum
1200 5705 1262 5747 esse
1275 5689 1429 5761 contigerit,
1442 5698 1549 5755 centum
1560 5704 1667 5763 quoque
1688 5704 1731 5745 res
1754 5689 1793 5745 illi
1809 5707 1861 5748 nu·

225 5778 321 5838 eadem
336 5776 432 5835 tutaln
447 5779 552 5836 ratione
577 5780 725 5837 constituta
749 5787 801 5846 est,
826 5795 911 5854 eaque
935 5778 978 5838 rel
991 5779 1019 5837 ln
1071 5797 1147 5839 antero
1169 5783 1303 5855 subiectas
1329 5798 1390 5841 esse
1413 5798 1525 5842 neeesse
1551 5792 1593 5847 εει
1611 5802 1618 5839 :
1639 5784 1690 5839 troc
1711 5797 1778 5840 vero
1806 5800 1860 5842 non

228 5886 319 5935 mrum
330 5868 504 5941 presentium
519 5871 673 5933 drmissima
683 5873 922 5947 contemplatione,
937 5874 979 5934 rel
990 5875 1018 5933 ln
1070 5890 1147 5951 eque
1160 5876 1188 5933 iu
1202 5875 1382 5951 disputatione
1403 5887 1509 5947 serrat3
1529 5890 1619 5949 neque
1641 5876 1714 5935 enim
1728 5876 1859 5951 quidquid
