3946 6186
727 341 772 397 tri)
789 338 1004 398 slttoclstlo
1022 336 1248 404 esrufidurco.

528 453 632 508 Nullum
658 451 757 507 bonum
780 452 882 507 malum
909 460 965 517 est,
996 453 1102 522 neuntio
1122 450 1288 507 uniuersalis.

527 540 664 611 eroddsm
685 539 786 609 iustum
813 539 912 595 bonum
932 549 998 607 est,
1027 539 1196 611 particularis
1216 539 1370 596 sidrmetio.

527 630 716 688 uniuersaliter
736 644 876 699 conrerss,
903 629 990 687 timue
1015 631 1114 687 bonum
1137 631 1240 702 iustum
1261 639 1315 688 est.

524 722 716 778 uniuersaliter
736 734 882 787 conversa,
905 719 1013 777 idulium
1042 721 1143 779 nmium
1164 721 1263 778 bunum
1287 729 1339 778 est.

525 811 664 878 Quuddurn
687 812 787 878 justum
814 811 914 868 msituu
936 825 991 867 nou
1014 822 1067 878 εει,
1099 812 1194 870 sudem
1218 811 1367 880 conclusio,

522 897 661 964 Quuddam
678 897 779 968 justum
803 899 902 956 mulum
923 913 981 955 non
1002 908 1054 956 est.

174 991 264 1048 lienus
277 1003 341 1047 sero
354 989 449 1045 modus
464 989 490 1044 in
500 999 623 1059 quartum
631 989 738 1045 modurn
752 989 956 1059 resoluturus,
971 991 998 1052 Α
1010 990 1075 1047 riter
1089 991 1116 1046 iu
1128 989 1242 1060 prinsu
1252 989 1326 1060 noui,
1341 997 1370 1049 et
1381 990 1474 1054 eadem
1484 992 1620 1049 conclusio
1631 1009 1691 1052 rusn
1709 1005 1735 1051 at
1748 1011 1802 1053 ne·

174 1081 257 1150 prima
270 1080 359 1151 quarti
383 1080 410 1133 in
425 1078 569 1134 secumdam
595 1078 659 1134 nuni
673 1078 880 1147 propositionem
896 1079 956 1135 uui·
1008 1083 1080 1154 patio
1094 1083 1275 1154 particularis.

172 1169 310 1226 venaliter
324 1178 511 1236 consectatur,
524 1176 551 1223 et
569 1166 686 1224 emunda
704 1168 793 1238 quarti
814 1169 956 1238 particula·

520 1259 627 1315 Nullum
648 1260 745 1315 mnum
765 1258 864 1316 mulum
889 1268 951 1328 est,
977 1258 1139 1318 uniuersalis
1165 1259 1300 1330 negatirs.

524 1349 662 1417 Quoddsm
687 1351 789 1418 lustuns
816 1350 915 1406 bunum
937 1358 999 1417 ost,
1026 1347 1195 1421 particularis
1222 1348 1391 1406 stnrnstirs.

523 1439 723 1495 particulariter
744 1453 885 1506 conserus,
922 1438 1061 1507 Quoddam
1082 1439 1181 1496 burrum
1203 1437 1305 1508 iustum
1319 1447 1372 1495 est.

522 1529 714 1586 universaliter
738 1544 879 1597 conuersa,
912 1529 1018 1588 iiuilum
1037 1532 1134 1587 malum
1147 1531 1246 1586 bunum
1264 1538 1316 1586 est.

523 1622 661 1693 Quoddsm
683 1623 784 1693 iustum
806 1624 908 1679 malurn
937 1639 991 1682 nun
1015 1634 1081 1693 εει,
1107 1623 1369 1682 esdemeuueiusio:

524 1713 662 1781 Quuddam
682 1712 785 1785 justum
812 1714 911 1770 rnnlum
933 1729 988 1772 uon
1016 1723 1068 1773 est.

173 1812 308 1887 Resolutis
320 1809 399 1881 ipitur
412 1808 529 1878 quinque
543 1806 637 1876 primas
647 1806 738 1877 ligura
751 1805 838 1862 modis
849 1806 876 1862 iu
889 1820 957 1876 qua·
1007 1806 1052 1863 de
1063 1805 1155 1875 denras
1166 1803 1301 1863 secundus
1311 1805 1406 1862 modus
1422 1806 1449 1862 in
1462 1808 1608 1865 secuudum
1619 1808 1715 1881 prioris
1728 1811 1794 1882 ilpr-

172 1914 233 1959 tuor
245 1900 439 1972 superioribus,
455 1896 579 1954 secunde
592 1896 683 1966 figurae
693 1904 807 1967 quatuor
821 1895 914 1952 modos
928 1896 955 1952 in
1007 1910 1046 1951 ιε
1063 1895 1171 1950 modom
1197 1896 1380 1969 resuiruutur,
1395 1905 1423 1955 et
1448 1898 1592 1956 resoluitur
1614 1901 1716 1972 primus
1737 1902 1792 1958 sie.

170 1991 269 2062 prioris
284 1990 376 2061 liparae
395 1986 489 2042 modos
501 1993 615 2057 qustuur
634 1985 816 2054 resolvamus,
839 2000 954 2056 quorum
1007 1985 1142 2044 conversa
1153 1987 1226 2043 enim
1239 1987 1327 2057 prims
1338 1987 1486 2045 uniuersali
1501 1991 1643 2060 negatione
1655 1992 1793 2047 uniuersa·

171 2088 226 2134 tres
242 2094 290 2149 per
305 2078 507 2134 conversionem
525 2074 681 2144 probantur.
701 2074 817 2143 Quartus
832 2089 895 2132 uero
907 2089 955 2146 per
1007 2078 1079 2147 liter,
1089 2087 1116 2136 et
1129 2084 1252 2136 ussuente
1263 2078 1381 2136 secunda
1391 2079 1534 2138 uniuersali
1546 2081 1735 2152 affirmatione,
1746 2095 1792 2138 cs·

171 2169 257 2224 solunt
272 2168 526 2240 impossibilitatem.
550 2167 584 2221 At
598 2179 662 2222 uero
683 2165 791 2236 primunt
799 2173 827 2223 et
855 2180 954 2222 secuu-
969 2160 993 2221 B
1006 2170 1066 2226 dom
1081 2169 1219 2226 conclusio
1231 2176 1405 2241 utrorumque
1416 2172 1544 2228 nsscltur.

856 2255 961 2314 Primus
972 2260 1102 2316 securrdoe.

396 2349 502 2406 Nullum
516 2348 615 2405 bonum
630 2347 730 2409 melum
739 2354 781 2404 eti
892 2361 1025 2405 conuersa
1132 2349 1241 2408 Nullum
1252 2351 1350 2406 maium
1361 2350 1460 2408 bouum
1474 2359 1524 2408 est.

395 2442 481 2499 Omne
489 2441 591 2512 justum
606 2440 704 2495 burrum
720 2447 762 2495 esi
890 2437 985 2496 endem
1125 2440 1320 2513 Omnejustuut
1335 2441 1434 2498 bonum
1444 2450 1497 2498 est.

396 2535 501 2591 Nullum
511 2532 613 2604 iustum
629 2529 728 2586 rnuiurn
738 2537 781 2585 est
891 2530 985 2588 eadem
1126 2532 1233 2589 Nullum
1246 2533 1348 2604 justum
1363 2534 1462 2589 malum
1475 2541 1525 2589 εει.

169 2622 297 2682 Secunde
309 2621 399 2695 dpurn
408 2622 542 2680 secundus
555 2621 650 2678 modus
665 2621 691 2676 iu
703 2619 795 2690 prime
809 2618 899 2691 ligure
910 2634 954 2678 se·
972 2638 975 2642 ’
992 2621 1208 2696 7,ιιιοιιοείιίοιιῃ
1229 2630 1256 2679 ει
1269 2623 1484 2694 meundspritns
1498 2634 1635 2692 manente,
1649 2624 1791 2682 uniuersa·
1830 2669 1837 2682 .

103 2765 108 2771 .
168 2715 283 2770 cundum
308 2713 416 2771 mudum
440 2712 584 2769 resoluitur
606 2712 665 2767 sic:
682 2723 812 2767 conuersa
830 2708 949 2768 secunda
1004 2713 1407 2769 literiltcouucrsscunuiusio.
1866 2717 1871 2722 ’

397 2825 502 2881 Nullum
516 2825 615 2881 bouum
630 2822 728 2879 muium
739 2830 782 2879 est
1001 2831 1047 2879 net
1188 2822 1386 2895 Omnejustum
1397 2825 1495 2880 bonum
1510 2833 1562 2881 est.

395 2915 480 2972 Omne
491 2916 593 2989 justum
605 2915 705 2971 bunum
719 2924 761 2971 εει
775 2929 835 2971 ειε-
891 2868 916 2926 ¹
1001 2929 1129 2971 consensa
1182 2914 1288 2971 Nullum
1301 2916 1398 2972 maium
1414 2917 1512 2972 bonum
1525 2926 1578 2974 est.

395 3005 502 3063 idulium
514 3005 616 3076 jusmrn
627 3006 725 3061 malurn
737 3015 778 3062 est
883 3018 1014 3062 conuersa
1181 3005 1288 3061 dulium
1308 3006 1407 3062 msiuru
1416 3008 1517 3077 iustum
1532 3019 1583 3065 est.

168 3098 273 3153 Tertius
288 3111 351 3154 uero
367 3098 494 3154 secundae
504 3098 596 3169 dpurae
610 3097 720 3165 modus,
736 3095 881 3168 dequsrtu
895 3096 951 3168 pri·
1006 3105 1065 3161 tur.
1081 3106 1110 3152 ει
1118 3096 1242 3153 seconde
1256 3097 1452 3166 propositiones
1464 3109 1604 3168 maneam,
1624 3101 1692 3157 idern
1707 3102 1789 3172 syllo-

169 3203 220 3244 mm
234 3185 324 3259 ligure
340 3197 503 3259 procreatur.
530 3187 566 3245 tit
578 3189 651 3244 enim
668 3186 829 3243 unlsrrssiis
843 3187 950 3256 negatio
965 3206 988 3269 C
1004 3188 1082 3260 pismi
1098 3189 1229 3247 terminos
1249 3189 1448 3260 propositioque
1461 3191 1596 3262 colligitur
1607 3195 1657 3249 iroc
1671 3195 1770 3250 raroiio:

167 3281 194 3337 in
221 3279 333 3349 primam
362 3279 569 3350 propositionem
595 3276 782 3335 uniuersaliter
807 3283 949 3333 couvertu-

393 3371 498 3428 Nullum
509 3372 607 3427 bunum
622 3370 722 3427 mnium
736 3378 777 3425 est
882 3380 1013 3425 conseres
1176 3364 1283 3422 Nullum
1293 3366 1392 3423 muium
1406 3369 1505 3425 honum
1526 3381 1580 3429 εει.

393 3463 531 3533 Quoddam
544 3463 646 3534 lustuns
663 3463 761 3521 bonum
772 3470 814 3520 est
883 3459 980 3518 similis
1180 3458 1318 3526 Quoddam
1328 3459 1429 3531 iustum
1442 3461 1541 3518 bunum
1552 3471 1604 3519 εει.

391 3556 637 3628 Quuddsmjustuut
645 3555 744 3611 nmium
754 3570 806 3610 non
818 3563 859 3610 est
883 3552 977 3609 eudem
1179 3549 1318 3616 Quoddsun
1329 3551 1431 3623 justum
1445 3555 1546 3610 malum
1557 3571 1610 3610 uon
1624 3565 1675 3612 εει.

165 3667 523 3737 Quartusmudussecundae
543 3666 835 3738 dgurnqurouisrnJaru
849 3663 946 3745 primo,
1000 3661 1191 3719 omnebonum
1213 3664 1300 3719 uirtus
1323 3676 1378 3721 est.·
1400 3665 1438 3722 Εε
1466 3666 1508 3723 itis
1531 3667 1612 3738 igitur
1637 3668 1788 3734 concludat.

165 3775 225 3814 cum
240 3760 327 3816 lactus
348 3766 390 3814 est
412 3774 460 3829 per
473 3759 724 3826 conversionem,iu
738 3755 947 3828 superiorispri·
1000 3769 1080 3810 omne
1094 3753 1175 3824 igitur
1196 3753 1296 3823 iustum
1312 3754 1398 3812 uirtus
1418 3765 1469 3813 εει.
1490 3758 1543 3814 Sed
1558 3759 1632 3828 prius
1654 3762 1789 3816 concurrit
1896 3822 1898 3828 ,

166 3866 217 3905 mas
232 3850 323 3920 ligure
342 3849 449 3905 modurn
473 3849 620 3921 retorqueri
641 3864 695 3905 nun
709 3857 822 3921 poterat,
839 3847 887 3905 sed
900 3862 948 3918 per
1000 3845 1632 3921 quarti.modisecundsmpruposisiunem‚qun
1641 3855 1790 3923 est.quod·

167 3938 331 4009 impossibile
355 3938 563 3994 demonstratum
577 3947 618 3996 εει
633 3938 698 4008 ,hic
716 3954 824 4010 quoque
834 3954 881 4009 per
895 3939 946 3993 im·
1000 3939 1061 3996 dum
1072 3939 1174 4009 justum
1185 3940 1272 3996 uirtus
1286 3954 1340 3994 nun
1351 3948 1403 3994 εει.
1422 3939 1499 3995 Nune
1509 3954 1572 3996 reru
1582 3943 1716 4012 concedit,
1730 3958 1788 4020 um·

166 4028 295 4100 possibile
304 4029 339 4084 ad
353 4028 504 4100 superiores
514 4029 650 4087 reducitur
663 4035 768 4098 nundus,
779 4038 807 4085 et
819 4028 947 4102 quonism
1001 4044 1035 4082 ne
1047 4029 1148 4098 justum
1165 4027 1249 4083 rirtos
1259 4038 1299 4082 εει
1310 4067 1319 4095 ,
1330 4028 1396 4082 duas
1411 4026 1463 4081 sibi
1475 4028 1688 4097 contrajacentes
1709 4030 1788 4086 simui

165 4134 261 4175 omnes
274 4120 397 4176 secunde
417 4122 507 4191 tpurae
528 4121 599 4177 modi
615 4135 663 4190 per
689 4119 856 4190 impossibiie
869 4132 946 4173 mon·
1000 4116 1175 4173 conclusurus
1185 4123 1246 4184 est,
1273 4115 1344 4186 quod
1365 4115 1491 4171 desinon
1514 4123 1612 4185 potest.
1632 4116 1787 4174 liucuutem

164 4218 303 4277 scrantur,
315 4209 415 4265 idcir-cu
438 4225 487 4267 nos
507 4224 614 4281 quoque
638 4209 795 4266 inchoantes
817 4224 833 4265 s
851 4214 947 4278 quarto
1000 4207 1101 4262 ideirco
1115 4205 1203 4262 creuit
1215 4245 1223 4270 ,
1237 4204 1299 4277 quis
1313 4204 1451 4262 conclusio
1464 4205 1551 4276 qttsrti
1564 4205 1636 4262 modi
1661 4206 1688 4261 iu
1709 4207 1788 4276 primi

164 4313 258 4356 omues
272 4314 321 4370 per
332 4299 496 4370 impossibile
515 4301 689 4357 resolvamus.
705 4300 770 4356 llam
784 4308 895 4370 quartus
904 4311 947 4354 se·
962 4296 1229 4403 1›modisecundsm
1242 4297 1453 4369 propositionem
1463 4311 1594 4358 courerss
1604 4308 1660 4364 ess3
1680 4298 1787 4366 quodsi

163 4388 257 4443 eundae
272 4389 361 4460 ligure
376 4389 472 4446 modus
494 4391 521 4444 iu
548 4391 662 4459 primum
678 4392 771 4461 primas
791 4391 882 4463 llpurn
904 4403 949 4446 re-
1000 4389 1116 4447 seeunds
1129 4391 1278 4463 propositio
1292 4390 1455 4463 priurimodi
1467 4391 1495 4448 in
1513 4390 1602 4464 qusrti
1615 4390 1788 4447 conscissione

162 4479 274 4534 soluitur
288 4494 336 4549 per
359 4479 487 4550 impossib
498 4480 608 4548 liutem,
633 4482 726 4537 tertius
749 4481 775 4535 in
789 4478 946 4546 secundum,
1001 4494 1053 4535 non
1067 4481 1215 4551 colligitur,
1245 4483 1332 4553 quarti
1345 4480 1499 4548 conclusio,
1523 4482 1605 4538 idest
1620 4480 1788 4554 particularis

161 4569 295 4626 secundus
311 4570 472 4638 intertium,
486 4572 588 4641 primus
602 4573 628 4627 in
652 4580 785 4642 quartum,
811 4570 881 4642 quud
896 4569 948 4626 hoc
999 4573 1117 4642 ιιεειιίο,
1133 4575 1312 4651 permsneisit.
1342 4573 1396 4630 Sed
1422 4588 1458 4630 ne
1480 4573 1550 4630 iorte
1577 4589 1626 4631 nos
1645 4575 1788 4632 cunturiret

161 4660 242 4715 modo
265 4661 388 4732 liquebit.
398 4661 427 4718 Si
446 4663 506 4734 quis
525 4677 589 4733 erpo
609 4663 676 4718 duss
693 4664 760 4718 istas
778 4663 945 4719 concesserit
999 4663 1070 4733 quod
1084 4662 1292 4740 silusterminos
1312 4665 1338 4721 iu
1354 4664 1516 4722 resolvendo
1538 4666 1619 4723 modu
1637 4667 1787 4739 mouimus,

160 4753 378 4822 propositiones,
399 4754 425 4809 id
440 4762 491 4822 est,
504 4768 585 4810 omne
606 4754 706 4809 bunum
730 4752 816 4808 uirtus
839 4760 899 4820 est,
919 4760 948 4811 ει
999 4769 1077 4826 quam
1098 4756 1223 4827 superius
1242 4755 1271 4812 in
1295 4757 1462 4828 disponendo
1476 4773 1484 4824 ;
1500 4772 1554 4814 nou
1568 4758 1640 4814 enim
1664 4761 1745 4813 modo
1762 4758 1805 4812 in¹

160 4842 295 4913 quoddam
308 4844 409 4914 iustum
420 4846 506 4902 uirtus
522 4861 574 4901 non
595 4853 652 4911 est,
667 4858 777 4901 necesse
791 4852 833 4900 est
842 4858 949 4916 quoque
1000 4849 1120 4911 terminis
1137 4850 1303 4914 laboramus.
1317 4851 1366 4907 scd
1388 4851 1416 4907 in
1429 4850 1521 4922 inuris
1535 4865 1560 4907 et
1572 4850 1659 4907 modis
1672 4860 1699 4906 et
1709 4865 1788 4905 curn·

160 4934 359 4991 conclusionem
381 4937 516 4993 concedat
543 4952 603 5008 oure
625 4944 692 5007 εει,
716 4936 849 5008 quoddam
868 4936 949 5006 igitur
1000 4940 1169 5011 plexiuniirus
1186 4941 1374 4999 construendis
1391 4950 1471 5014 atque
1493 4941 1657 4999 resolvendis
1675 4953 1788 5010 opernm

157 5020 258 5091 justum
274 5024 372 5081 bonum
384 5041 437 5083 non
449 5036 501 5083 est.
519 5027 585 5083 iiam
598 5028 622 5084 si
637 5027 694 5083 isaec
706 5027 771 5083 laiss
784 5036 843 5105 est,
858 5026 910 5085 erit
921 5026 947 5084 ei
999 5032 1194 5089 consumimus.
1210 5032 1310 5090 dudem
1322 5032 1439 5099 modoet
1457 5032 1546 5090 caeteri
1556 5030 1680 5089 secundae
1693 5030 1786 5101 ligurus

160 5114 348 5186 contrajacens
363 5132 427 5174 uera
438 5133 498 5190 qum
507 5127 569 5186 εει,
585 5119 774 5190 omuejnstnm
788 5118 886 5175 bunum
895 5126 947 5188 est,
1001 5124 1028 5179 in
1043 5125 1144 5194 primus
1158 5133 1272 5197 quatuor
1285 5125 1464 5182 resoluuntur.

158 5203 204 5256 sed
214 5202 287 5260 iliarn
298 5208 433 5263 concessit
442 5218 547 5278 quaest
560 5207 644 5278 prims
655 5211 742 5281 quarti
757 5210 840 5282 modi,
854 5211 947 5278 idest,

391 5323 477 5378 limne
490 5324 587 5379 bonnm
597 5324 682 5380 rietus
693 5334 735 5382 est
987 5327 1080 5385 eadem
1172 5330 1259 5389 Omne
1272 5330 1371 5388 bonum
1386 5330 1469 5385 uirtus
1480 5340 1530 5387 εει.

389 5414 528 5482 Quuddarn
540 5415 641 5486 justum
656 5419 742 5472 uirtus
754 5432 807 5473 stou
822 5426 863 5473 est
1163 5422 1357 5494 0mnejustum
1371 5421 1469 5476 bonum
1481 5429 1532 5475 est.

393 5507 533 5574 Quoddam
544 5509 625 5577 initur
635 5508 736 5578 justum
749 5510 848 5567 bonum
858 5527 910 5568 nun
925 5525 967 5593 est
1164 5512 1250 5571 Omne
1264 5514 1344 5585 igitur
1355 5514 1455 5583 justum
1469 5512 1554 5567 uirtus
1564 5517 1617 5600 esi.

158 5616 402 5678 i'ertiussecundae
423 5624 513 5692 ilpunc
534 5625 756 5682 modnrssecundo
778 5628 870 5697 primae
885 5628 949 5701 lipo-
1003 5627 1260 5688 modicuncesserit.
1284 5624 1470 5697 particularem
1494 5641 1599 5697 qunque
1614 5632 1782 5694 negationem

158 5726 194 5766 rae
216 5709 295 5765 modu
311 5709 350 5765 sic
375 5713 518 5772 resoluitur
533 5734 539 5769 ε
556 5718 579 5773 si
599 5715 744 5785 rpus-duas
759 5717 858 5789 primas
874 5722 943 5777 tertii
1000 5717 1153 5785 sumtuose,
1165 5732 1224 5790 quc
1238 5726 1290 5788 est,
1303 5715 1433 5789 quoddam
1457 5716 1537 5789 ipitur
1557 5718 1657 5790 iustum
1682 5713 1781 5770 ioousn
