3946 6186
183 282 248 337 ttd'l

797 279 850 332 AN.
872 277 973 333 ttattt.
993 278 1066 332 stt.
1089 280 1200 337 adedit

1738 286 1808 341 tius

180 397 283 452 i'ullius
297 403 371 449 uocat
390 391 455 445 artis
469 398 618 459 expertem,
636 389 662 442 in
683 389 835 443 testimonio
850 377 967 474 pusitttnt
981 397 1002 449 d
1017 391 1103 456 opinio
1119 393 1214 446 marari
1225 394 1265 446 aia
1280 400 1371 463 potest,
1384 393 1417 445 nd
1430 410 1534 463 eumque
1545 398 1629 448 onnriu
1643 397 1769 466 diriqunt,
1782 408 1809 453 et

181 503 241 542 esse
252 483 411 556 pronuntiat.
427 481 544 534 Dubitari
560 488 648 535 autem
663 466 749 550 potest
761 479 822 548 quid
836 479 878 534 liic
888 480 963 534 iocus

180 593 193 627 a
209 559 388 643 superioribus
399 572 513 638 diderat,
529 588 596 641 quos
611 573 637 627 in
654 573 755 627 allectis
773 573 878 627 locarit.
899 573 964 627 Nam

181 667 217 717 nti
231 664 322 718 affecta
338 678 443 732 semper
470 664 495 716 in
522 663 653 718 relatione
669 672 730 716 sunt
745 665 901 728 constituta,
929 664 963 716 ita

178 740 256 822 etiam
273 748 425 807 iestirnonia
441 753 473 808 ad
488 768 519 807 ea
539 768 650 822 quorum
664 760 725 807 surtt
750 756 901 810 testimonia
922 772 965 810 re·

179 846 308 902 feruutur.
325 846 410 899 Omne
434 845 505 900 enim
522 845 702 898 testimonium
719 854 820 898 testatae
836 846 872 898 rei
889 846 963 899 testi-

178 937 296 991 monium
307 947 358 990 cst.
369 936 510 1004 Quocirca,
524 950 571 988 cur
588 945 745 1007 anteaquam
759 934 851 988 edecta
865 935 962 988 dttdttm

177 1036 269 1079 arrecta
283 1037 353 1093 sunt,
372 1042 423 1081 raon
438 1025 604 1080 extrinsecus
616 1026 788 1090 collocentur,
801 1035 847 1080 aut
860 1040 890 1080 ea
904 1042 964 1095 quaa

178 1135 247 1173 ιιιιιι
261 1128 387 1174 uocantur
400 1119 577 1181 extrinsecus,
598 1131 650 1170 non
667 1118 736 1171 iuter
750 1117 843 1172 aiieeta
863 1133 963 1186 ponan-

178 1223 230 1275 tur,
246 1209 329 1276 quari
350 1216 448 1277 potest,
464 1223 523 1261 rum
549 1209 693 1276 praesertim
708 1222 739 1261 ea
759 1222 817 1276 qnae
840 1208 962 1277 adiuncta

176 1315 237 1354 esse
252 1299 360 1367 negotio
374 1299 497 1368 saperius
509 1297 636 1364 diximus,
649 1298 730 1352 veluti
741 1298 965 1366 quroudmnresrt:

177 1393 294 1446 monium
316 1405 387 1461 sape
403 1390 481 1444 rebus
503 1388 625 1455 ailerant,
651 1405 711 1447 curn
735 1405 767 1443 er
790 1405 882 1444 eorum
903 1406 961 1457 quaa

177 1490 379 1548 precesserunt,
404 1480 446 1533 acl
471 1487 612 1534 consecuta
627 1487 690 1532 sunt
707 1478 802 1546 signis,
827 1479 896 1547 qnod
916 1495 961 1548 ge·

174 1582 243 1625 stum
255 1572 288 1624 sit
302 1568 467 1623 considerari
479 1567 557 1621 solet.
573 1567 689 1633 Quorum
705 1568 827 1621 omnium
841 1581 961 1623 contutu-
984 1574 988 1583 '

175 1665 216 1720 nis
229 1664 273 1716 illa
288 1660 385 1715 solutio
399 1669 450 1724 est,
470 1660 541 1728 quod
555 1674 587 1712 ea
610 1657 712 1713 adeatis
726 1669 881 1727 argumenta
901 1674 960 1728 quac

1017 481 1061 551 qrtt'
1077 482 1204 551 jttdicunt,
1227 492 1250 537 el
1273 485 1316 552 qai
1341 484 1494 536 euistittrnnl.
1513 485 1562 548 Qud
1583 486 1648 537 enim
1674 487 1809 541 tirrano

1017 587 1080 639 quoa
1095 572 1159 637 dici,
1181 573 1318 640 excellunt,
1341 574 1396 641 ipra
1417 575 1510 626 uirtute
1533 574 1648 627 uidentur
1670 578 1806 631 recellere.

1019 660 1071 714 snt
1083 663 1184 728 reliquis
1195 679 1293 731 qnoque
1305 665 1379 716 rebrat
1391 680 1454 734 quur
1469 665 1543 715 modo
1554 667 1708 729 enumerari,
1724 683 1808 735 quun-

1016 768 1091 820 qttnnt
1106 754 1132 805 iu
1144 754 1175 805 iis
1189 755 1261 806 nulla
1281 755 1374 823 speeies
1394 754 1493 806 uirtutis
1513 765 1559 821 ert,
1576 765 1658 808 tanuen
1679 757 1807 811 interdum

1016 845 1183 913 coinfirmatur
1194 845 1267 910 rides,
1283 846 1304 896 si
1315 855 1358 896 out
1371 861 1412 897 ors
1424 845 1541 914 quiedam
1554 845 1687 898 adhibetor
1699 848 1806 918 (meque

1015 939 1081 988 etaim
1096 948 1131 990 ert
1145 937 1180 988 uis
1194 937 1227 988 od
1241 935 1445 1005 perscindendum
1459 936 1594 1001 scientim),
1605 945 1649 989 ant
1660 919 1806 991 semlan-

1016 1043 1121 1094 rmnque
1146 1028 1211 1078 enim
1236 1027 1400 1079 creditariis
1431 1026 1475 1096 qni
1504 1027 1602 1097 experti
1628 1036 1696 1080 surrt.
1716 1026 1808 1080 Facit

1015 1119 1090 1170 etiam
1105 1117 1238 1170 necessitas
1253 1117 1342 1192 fidem,
1355 1132 1411 1184 quor
1423 1127 1475 1167 tum
1494 1134 1510 1169 a
1529 1116 1683 1186 corporibus,
1701 1127 1756 1170 tuna
1771 1120 1804 1170 ad

1015 1210 1105 1262 unitatis
1120 1212 1242 1262 nascitur.
1261 1208 1329 1262 iiam
1342 1218 1365 1261 ct
1384 1209 1526 1262 uerberibus
1542 1210 1613 1272 torti,
1629 1219 1651 1263 et
1666 1211 1719 1279 iqui
1736 1213 1801 1279 [uti-

1014 1299 1067 1367 qatr'
1079 1313 1135 1366 qaae
1148 1300 1246 1367 dicant,
1261 1315 1290 1352 ea
1305 1299 1404 1352 uidetur
1418 1300 1511 1352 ιιιιιιιι
1526 1301 1582 1368 ipsu
1597 1299 1692 1365 dicere,
1706 1309 1728 1352 et
1742 1317 1804 1370 quur

1013 1404 1028 1440 o
1043 1388 1272 1455 perturbationibus
1292 1390 1371 1441 onirni
1383 1399 1452 1455 srrnt,
1469 1389 1567 1454 dolore,
1589 1389 1740 1456 cupiditate,
1752 1392 1805 1444 ira·

1013 1480 1116 1542 candia,
1143 1490 1221 1543 uteru,
1237 1481 1297 1546 qttio
1312 1481 1465 1533 tteecsritotr's
1485 1482 1535 1533 afra
1558 1480 1662 1545 hadent,
1688 1482 1804 1549 afferant

1012 1571 1186 1621 oructoritutcm
1197 1580 1221 1621 et
1232 1571 1321 1635 fidem.
1335 1568 1414 1640 Cujus
1428 1571 1527 1640 generis
1542 1572 1620 1624 etium
1633 1573 1679 1624 illa
1694 1584 1756 1627 runt
1771 1590 1803 1628 ea

1011 1660 1099 1727 quidus
1113 1676 1295 1728 uonrrnnqnam
1306 1676 1390 1713 aeruna
1401 1661 1539 1726 inuenitur,
1552 1664 1672 1730 pueritia,
1686 1680 1802 1728 ιοιιιιιιι,

176 1752 252 1814 liunt,
267 1751 301 1805 ab
321 1758 427 1803 oratore
449 1748 631 1814 inveniuntur,
647 1747 758 1817 ejusque
777 1762 857 1815 opera
881 1757 960 1817 atque
978 1763 997 1818 g
1013 1749 1193 1817 imprudentia,
1210 1750 1358 1816 vinolentia,
1381 1751 1491 1804 insaucia.
1505 1750 1575 1804 Nom
1594 1761 1619 1805 er
1640 1756 1717 1820 pueri
1735 1770 1803 1822 repe

173 1843 303 1908 industria
319 1850 474 1894 nasctmtnr.
495 1838 533 1891 Ea
544 1853 606 1892 uero
621 1853 679 1906 quaa
694 1839 859 1892 extrinsecus
875 1839 958 1906 posita
1010 1839 1184 1891 indicauerunt
1199 1839 1297 1909 aliquid
1317 1840 1351 1891 od
1365 1842 1433 1909 qnod
1452 1841 1587 1910 pertineret
1601 1841 1700 1911 iqrrari,
1715 1853 1738 1892 er
1757 1854 1803 1910 per

174 1940 248 1991 sunt,
265 1930 303 1984 rei
315 1938 416 1984 tantum
429 1927 608 1981 testimonium
624 1927 752 1995 praebent,
765 1942 818 1980 nou
832 1920 901 1982 eui'm
918 1927 958 1981 in·
1014 1946 1140 1992 sommam,
1155 1931 1249 1992 cirrum,
1260 1931 1397 1995 insoniam,
1413 1929 1494 1982 multu
1506 1946 1573 1998 sepe
1588 1935 1718 1999 patefacto
1730 1943 1801 1985 runt.

173 2027 317 2078 sortiuntur
331 2022 364 2075 ab
378 2032 495 2087 oratore,
507 2020 553 2074 sed
568 2020 609 2073 his
620 2027 709 2072 orator
725 2017 806 2071 utitur
817 2014 958 2085 positisat-
1013 2019 1089 2072 lialri
1100 2021 1175 2073 etium
1190 2021 1215 2072 in
1232 2038 1270 2073 rer
1286 2022 1387 2073 odiosos
1407 2020 1579 2088 imprudentes
1592 2019 1749 2084 inciderunt,
1773 2030 1802 2073 nt

172 2128 223 2182 que
234 2122 296 2166 artte
306 2109 469 2165 constitutis.
483 2108 547 2163 Nam
562 2125 621 2177 quae
633 2123 646 2160 a
656 2121 766 2177 genere,
780 2106 821 2161 rel
831 2123 845 2159 a
857 2106 957 2175 speeie,

173 2201 213 2256 ret
229 2203 361 2256 asceteris
375 2199 476 2254 allectis
497 2207 651 2268 argumenta
666 2205 737 2261 sunt,
763 2197 796 2250 ab
812 2197 870 2266 ipso
893 2212 958 2264 quo·

175 2291 236 2346 dam
263 2292 342 2351 modo
366 2301 471 2346 oratore
498 2291 675 2358 reperiuntur.
704 2288 867 2355 Testimoniu
896 2303 959 2342 uero

172 2383 222 2437 sibi
237 2385 293 2451 ipse
305 2399 356 2438 tion
372 2382 463 2448 eflicit,
480 2383 526 2436 sed
541 2381 572 2435 nd
591 2395 697 2434 eausam
713 2380 797 2433 utitur
814 2389 875 2434 ante
891 2394 959 2449 prae·

173 2476 281 2543 paratis.
303 2474 362 2538 Quo
384 2474 413 2527 dt
434 2483 462 2527 nt
482 2482 637 2541 argumenta
661 2487 694 2528 ex
708 2470 815 2525 adactis
834 2472 860 2524 io
879 2486 957 2525 carisa

173 2565 262 2618 statim
277 2573 356 2632 atque
369 2578 401 2616 ex
420 2574 538 2631 tempore
554 2573 712 2629 naseuntur;
728 2578 758 2616 ea
775 2577 838 2617 uero
856 2578 916 2631 quce
931 2562 957 2617 iu

174 2652 331 2722 testimoniis
343 2654 428 2720 posita
440 2660 512 2717 sucat,
528 2660 590 2706 ante
609 2667 664 2707 rem
686 2654 878 2722 procurrentia
891 2667 957 2706 con·

172 2742 303 2795 ilrmamlo
314 2736 394 2795 ‘usum
409 2741 515 2810 negotiu
527 2742 658 2810 posterius
673 2752 811 2810 praestent,
829 2753 856 2797 et
871 2743 898 2796 in
913 2743 958 2796 ad-

169 2832 268 2896 iunctis
284 2833 316 2886 ab
332 2842 436 2886 oratore
447 2831 600 2901 conjectura
612 2832 755 2900 colligitur.
765 2842 792 2888 et
807 2833 957 2887 audsstorum

169 2923 305 2976 mentiims
326 2922 471 2976 intimatur.
491 2919 653 2976 'testimonia
670 2936 734 2976 uero
756 2938 809 2976 non
827 2924 852 2977 iu
868 2923 957 2992 eortje·

173 3014 265 3077 cturis,
279 3022 324 3083 ant
344 3013 368 3066 ιιι
385 3012 592 3082 suspicionibus,
607 3012 654 3067 sed
670 3016 695 3066 in
715 3014 753 3067 rei
768 3024 849 3083 gestee
864 3028 957 3068 narra-

1012 2108 1123 2162 Stoterio
1148 2101 1230 2173 reaper
1249 2111 1352 2171 oceidit,
1367 2109 1451 2172 quiea
1475 2108 1573 2161 loeutus
1595 2118 1634 2162 ert
1654 2110 1727 2162 donis
1740 2111 1802 2162 airis

1010 2200 1258 2253 stabnureultoutr'dus
1270 2201 1364 2268 pariete
1378 2199 1636 2272 interposito,quidttr
1653 2203 1801 2269 patefactis,

1010 2292 1036 2344 in
1047 2293 1224 2362 jarrliciumqae
1244 2292 1361 2362 prolatis,
1385 2294 1420 2345 rei
1442 2293 1561 2359 copitalia
1579 2293 1641 2361 jare
1659 2291 1800 2343 damnatus

1010 2392 1046 2436 est
1070 2382 1094 2435 ιι
1099 2384 1138 2435 ιιι
1148 2384 1358 2452 sinn'leqrn'cldnnt
1370 2384 1400 2434 de
1412 2380 1604 2435 Lacedamonio
1612 2379 1743 2433 Pausania
1751 2395 1800 2432 ec·

1010 2477 1131 2542 cepinrur.
1150 2472 1287 2527 Conearaia'
1309 2485 1392 2526 entem
1407 2475 1572 2543 [ortatitornm
1592 2472 1648 2525 tnlir
1663 2480 1710 2537 ert,
1726 2479 1755 2523 at
1775 2473 1800 2524 ri
1835 2516 1839 2522 .

1010 2565 1176 2619 interaeutam
1191 2574 1227 2618 cst
1242 2581 1314 2624 casu,
1338 2580 1394 2616 cuna
1415 2573 1459 2616 out
1480 2573 1596 2632 operetur
1611 2561 1708 2628 aliquid
1726 2557 1800 2628 quod

1010 2656 1191 2726 proferendam
1207 2671 1257 2708 narr
1276 2663 1349 2718 essct,
1365 2662 1408 2705 ιιιι
1427 2655 1563 2706 diceretur.
1585 2648 1618 2704 ιιι
1636 2650 1684 2703 ltoc
1706 2663 1801 2720 genere

1010 2747 1084 2798 etiam
1099 2746 1144 2798 illa
1158 2757 1195 2798 est
1210 2746 1236 2797 t'n
1251 2742 1413 2797 Poiorrredcm
1425 2746 1538 2806 coniecta
1548 2742 1723 2811 suspicionum
1736 2755 1800 2810 pro·

1010 2835 1115 2888 ditionis
1130 2835 1276 2899 utultittrda',
1293 2834 1359 2903 (quod
1372 2850 1450 2903 qenes
1465 2837 1578 2903 refutare
1592 2831 1723 2884 interdurn
1732 2830 1800 2883 reri·

1010 2935 1048 2977 tus
1060 2927 1100 2976 cir
1116 2933 1204 2992 polest.

1044 3015 1274 3081 Quoniamioeum
1290 3018 1355 3070 artis
1367 3026 1502 3083 expertem
1518 3015 1544 3069 in
1568 3016 1721 3070 testimonio
1747 3029 1800 3083 po·

171 3091 243 3162 ti'one
257 3108 415 3163 consistunt.
444 3107 567 3164 Ostendit
588 3117 677 3163 autem
692 3108 876 3163 uehementius
893 3106 991 3188 quide
1010 3105 1089 3158 situm
1112 3120 1171 3158 esse
1194 3106 1271 3174 dixit,
1295 3106 1321 3159 in
1344 3106 1504 3161 testimoniis
1530 3121 1593 3160 uero
1617 3119 1799 3172 personarunt

170 3207 241 3254 essct
263 3201 456 3268 testimonium,
473 3216 532 3255 cum
547 3200 621 3267 dicit,
642 3201 668 3254 id
690 3215 705 3254 a
725 3214 755 3255 se
774 3200 952 3256 testimoninm
1009 3195 1087 3249 saulem
1104 3211 1178 3249 snam
1196 3195 1421 3264 interponentium
1435 3197 1580 3250 auctoritas
1595 3197 1734 3264 quaeritur,
1752 3211 1800 3252 ne·

170 3288 258 3341 rocari
274 3290 344 3357 quod
368 3290 505 3360 abaliquo
530 3299 638 3345 esterna
662 3292 835 3346 resumitur.
859 3290 952 3345 Omnia
1008 3285 1153 3340 cessarium
1170 3285 1228 3350 luit,
1243 3285 1337 3354 quilius
1351 3287 1431 3340 relius
1454 3285 1511 3341 lieri
1533 3286 1619 3340 soleat
1637 3288 1796 3352 auctoritas,

169 3378 265 3446 qnippe
287 3378 392 3442 allecta,
406 3379 438 3433 ait
450 3379 489 3434 eis
502 3379 534 3434 ad
549 3395 607 3447 qus
622 3378 715 3434 affecta
738 3389 817 3446 sunt,
839 3396 893 3448 uon
913 3381 951 3434 ri·
1006 3375 1139 3444 errredire.
1154 3378 1191 3429 de
1203 3386 1298 3432 carrera
1310 3377 1415 3445 quidem
1428 3377 1575 3430 clarissime
1589 3385 1669 3444 atque
1684 3377 1798 3444 apertis·

169 3468 265 3522 dentur
279 3476 401 3521 externa.
418 3467 504 3521 Testis
517 3482 581 3521 uero
593 3484 653 3522 cuttu
678 3485 707 3524 re
729 3469 866 3522 testificata
881 3470 951 3524 nulla

166 3557 326 3625 cogtmtione
340 3555 518 3624 cotrjungitur,
541 3556 590 3609 nisi
616 3558 672 3612 suia
687 3557 790 3621 notitia,
806 3573 865 3626 qua
885 3557 951 3612 nihii

165 3646 200 3699 ad
216 3662 270 3699 rern
287 3661 345 3713 quau
364 3655 436 3714 gesta
461 3647 620 3713 astartium,
636 3662 695 3700 carn
718 3649 739 3702 si
753 3658 856 3716 gestum
872 3662 952 3717 nego·

169 3738 231 3788 tium
248 3734 334 3789 utullus
347 3745 514 3803 agnosceret,
534 3735 706 3790 nihilominus
723 3746 810 3791 tamen
821 3746 894 3808 gesta
907 3752 952 3794 res

166 3835 253 3890 ιιιιις
269 3824 315 3879 sed
340 3825 365 3878 id
392 3824 489 3894 poterit
507 3824 587 3884 etiarn
603 3825 637 3879 ad
653 3825 853 3883 similitudinem
878 3829 950 3894 duci,

165 3918 228 3986 quid
244 3918 314 3970 enim
334 3917 421 3972 minus
434 3923 506 3971 esset
518 3916 627 3986 aliquid,
647 3917 669 3971 si
684 3918 709 3971 ei
725 3918 812 3973 simile
828 3919 894 3974 niltil
910 3935 951 3976 re·

165 4008 312 4076 periretnrl
321 4006 372 4061 Sed
383 4007 452 4074 quod
463 4007 552 4063 simile
561 4019 613 4070 est,
624 4010 648 4062 ei
658 4007 700 4063 cui
711 4009 797 4064 simile
807 4019 848 4064 est
858 4010 950 4065 eadem

164 4100 225 4167 tpuai
238 4108 290 4152 tte
301 4098 482 4167 coniungitur,
494 4113 552 4168 quae
564 4099 677 4166 qualitas
688 4109 830 4169 utrumque
844 4102 951 4154 conlur-

73 4179 81 4196 '
163 4199 227 4240 rarat.
248 4187 363 4242 Scieutiu
391 4202 453 4242 vero
474 4187 593 4257 quamuis
616 4188 714 4242 eitlciat
743 4199 850 4256 testem,
876 4192 948 4246 nulla

163 4286 251 4330 tarraco
265 4276 392 4344 qrraiitate
405 4276 574 4346 conjungitur
587 4292 646 4330 curn
663 4293 692 4331 rc
707 4277 783 4345 eujus
797 4279 839 4332 iila
855 4281 948 4336 notitia

162 4374 212 4437 est.
229 4365 320 4434 Neque
337 4365 408 4419 enirn
423 4364 532 4418 scientis
552 4374 598 4418 not
610 4365 656 4429 tia,
679 4366 717 4417 ιιι
738 4378 820 4433 gestae
835 4370 949 4437 qualitas

163 4456 213 4505 dici
224 4463 318 4523 potest,
328 4469 386 4508 cum
399 4454 420 4506 si
433 4451 536 4517 nrrtitia,
545 4453 659 4521 qualitas
671 4453 708 4506 rei
723 4465 813 4523 posset
825 4452 947 4527 intelligi,

161 4543 334 4608 pereuntibus
348 4543 389 4597 luis
401 4544 443 4612 qni
460 4560 515 4599 rern
528 4554 637 4608 norunt,
654 4559 696 4599 res
707 4546 747 4599 rel
763 4526 895 4614 interiret,
907 4551 947 4604 rel

161 4649 205 4688 unu
219 4642 318 4700 aretur,
333 4635 402 4703 qttod
415 4646 537 4689 neutrum
550 4637 658 4690 evenire
672 4651 782 4692 necesse
799 4647 850 4702 est,
865 4655 949 4708 qnan-

161 4723 315 4797 doquidem,
332 4725 478 4795 absumpis
495 4726 648 4793 scientibus,
663 4743 706 4782 rcs
721 4730 839 4800 ignorata
851 4732 948 4798 poterit

161 4828 327 4880 permanere.

197 4904 308 4956 i’ersonu
328 4915 411 4957 urttcnt
426 4922 476 4958 rton
490 4909 670 4979 qualiscunque
693 4911 829 4963 testimonii
845 4911 946 4978 pondus

65 5039 69 5049 ,
159 4995 231 5047 irridet
245 5011 254 5060 ;
267 4996 300 5047 ad
320 4996 462 5064 [ocictrdutn
485 4998 552 5048 enint
567 4997 642 5075 fidem
655 5000 794 5052 auctoritas
807 5001 945 5066 queritur,¹

158 5087 202 5139 scd
222 5088 396 5154 auctoritatem
419 5078 472 5154 ιιι
486 5096 591 5153 nutura,
613 5098 657 5142 adt
672 5099 768 5159 tenipus
784 5089 858 5156 affert
875 5108 884 5143 .·
900 5109 946 5144 na·

158 5188 222 5229 curra
247 5179 383 5231 arroteritae
400 5177 425 5229 in
447 5179 537 5231 uirssate
556 5179 620 5233 inest
643 5180 752 5232 nrarime
763 5198 772 5243 ,·
792 5181 818 5233 r'n
834 5189 944 5251 tempore

157 5277 241 5319 antem
256 5264 335 5319 anullo
349 5277 405 5320 sarit
416 5284 473 5338 qum
482 5267 591 5334 afferant
602 5271 788 5336 auctoritatem,
801 5269 942 5342 inqcniam,

158 5371 229 5424 opes,
248 5367 319 5423 oetas,
341 5361 455 5427 fortune,
479 5376 532 5424 ars,
554 5375 624 5426 arur,
641 5360 788 5424 necessitas,
810 5364 945 5416 concursio

158 5449 232 5498 ctiam
249 5464 432 5517 norrrtuuqnara
450 5465 534 5504 reram
555 5450 730 5519 [artttitnruur.
748 5451 817 5506 Nam
832 5462 854 5506 el
873 5453 944 5524 inqe-

157 5539 183 5587 ιιι
195 5557 251 5601 mos,
270 5550 291 5591 ct
306 5540 448 5608 opulentos,
466 5551 488 5594 et
510 5543 592 5597 aeintr's
607 5546 691 5613 spatio
704 5546 832 5612 prodatur,
854 5548 945 5616 dignos
960 5587 961 5590 ,

158 5629 247 5692 quidne
271 5631 389 5684 eradatur
411 5641 513 5701 puttoni,
532 5649 581 5688 nan
603 5645 668 5690 recte
682 5641 800 5706 sortasse,
817 5638 860 5691 scd
876 5636 944 5707 calgi

1005 3466 1072 3520 sime
1096 3465 1251 3520 dictasunt.
1273 3466 1467 3537 sedquoniam
1488 3468 1674 3523 atrctoritatenr
1699 3468 1726 3521 in
1749 3480 1797 3519 ua-

1006 3566 1091 3612 turam
1107 3566 1265 3626 tempusque
1278 3558 1383 3624 divisit,
1398 3574 1512 3628 cumque
1527 3557 1554 3611 in
1569 3568 1709 3625 tempure,
1723 3560 1796 3627 inge-

1005 3647 1088 3714 nium,
1105 3660 1180 3717 opes,
1195 3657 1311 3712 aetatem,
1326 3647 1467 3713 fortunam,
1485 3663 1581 3709 arem,
1596 3663 1683 3714 usum,
1698 3661 1794 3701 neces·

1004 3741 1129 3805 sitalem,
1152 3739 1355 3795 concursionem
1380 3742 1458 3794 etiam
1487 3755 1676 3807 nonuunquam
1702 3754 1792 3793 rerum

1003 3827 1172 3883 fortuitarum
1188 3830 1297 3895 locarit,
1310 3830 1393 3899 qrtaeri
1405 3837 1491 3900 potest
1507 3846 1513 3882 :
1531 3828 1598 3894 Qum
1614 3829 1684 3884 euim
1696 3829 1793 3882 attinet

1003 3919 1035 3974 ad
1052 3929 1155 3991 tempus
1169 3919 1320 3990 ingenium?
1333 3923 1396 3990 quiid
1410 3923 1471 3976 arsi
1482 3921 1543 3990 quid
1558 3921 1637 3974 usust
1649 3920 1714 3975 Nam
1728 3931 1793 3973 :ctas

1002 4020 1082 4081 atque
1101 4027 1179 4078 opes,
1204 4012 1308 4068 iortnna
1326 4022 1353 4066 ct
1370 4007 1536 4068 fortuitarum
1549 4027 1637 4067 rerum
1650 4012 1793 4066 concursio

1002 4101 1120 4170 suiitjecta
1162 4111 1224 4156 sutrt
1261 4105 1389 4172 tempori,
1429 4105 1553 4174 qnoniam
1587 4102 1793 4170 unrrmquodqne

1001 4206 1093 4246 eornm
1106 4194 1184 4247 uariis
1193 4204 1341 4262 temporam
1354 4195 1453 4248 uicibus
1465 4203 1636 4263 permutatur.
1650 4191 1790 4260 ingenium

1001 4295 1065 4335 uero
1073 4293 1174 4336 nattrroe
1185 4285 1395 4352 potiusoportuit
1407 4286 1526 4348 attrilmi,
1535 4295 1614 4339 artetu
1622 4289 1701 4351 alque
1709 4296 1791 4335 usum

1002 4374 1108 4427 tertium
1123 4377 1258 4443 quiddam,
1274 4379 1398 4446 qnoniam
1416 4396 1501 4448 neque
1518 4377 1628 4448 tempori
1640 4390 1729 4446 neque
1744 4391 1792 4428 na·

962 4476 1069 4554 Dturae
1090 4466 1275 4534 sutbjiuiuutnr.
1298 4470 1455 4538 Quianqnam
1482 4472 1565 4524 uirtus
1591 4482 1697 4538 quoque
1723 4455 1789 4535 ipsa,

1001 4569 1078 4624 quiam
1091 4555 1123 4608 ιι.
1135 4555 1236 4610 Tullius
1251 4558 1276 4610 in
1289 4567 1391 4613 naturae
1405 4562 1507 4615 ratiirne
1519 4560 1669 4621 coustituit,
1683 4557 1791 4626 quitus·

1001 4646 1062 4699 darn
1086 4663 1138 4700 nou
1162 4649 1308 4713 creaturalis,
1336 4651 1383 4703 sed
1409 4662 1463 4705 tum
1484 4650 1604 4704 doctriua
1619 4689 1627 4713 ,
1642 4656 1697 4706 tum
1720 4655 1790 4703 recta

1000 4738 1192 4792 exercitatione
1217 4738 1320 4794 riarndi
1345 4739 1467 4795 vitientur
1489 4741 1583 4794 ascita.
1600 4738 1653 4794 Sed
1677 4738 1737 4793 haee
1755 4737 1790 4792 ita

1000 4826 1170 4897 intelligenda
1183 4829 1277 4884 divisio
1292 4838 1343 4895 est,
1354 4831 1426 4900 quiid
1441 4833 1527 4885 omnis
1542 4831 1687 4885 auctoritas
1700 4838 1746 4884 aut
1759 4843 1790 4883 er

1000 4917 1101 4984 maguis
1116 4927 1195 4985 utque
1209 4919 1405 4974 excellentibus
1416 4922 1494 4975 rebus
1508 4933 1534 4976 et
1551 4937 1597 4990 per
1609 4905 1731 4975 naturam
1745 4935 1791 4986 op·

1002 5007 1074 5059 timis
1089 5009 1177 5069 uenit,
1193 5018 1239 5062 ant
1253 5009 1286 5063 ab
1301 5009 1342 5063 iris
1356 5026 1417 5081 quoe
1430 5010 1555 5066 inferiore
1579 5012 1639 5067 ioco
1653 5021 1717 5067 sant
1729 5026 1791 5066 eon-

1000 5101 1102 5164 stituta,
1120 5099 1266 5154 fidemnon
1282 5117 1313 5156 ea
1328 5113 1432 5159 natura:
1446 5106 1583 5173 qualitate,
1600 5104 1647 5158 sed
1663 5119 1696 5159 ex
1713 5104 1790 5169 vulgo

1000 5188 1088 5242 insitis
1109 5190 1278 5258 opinionibus
1292 5194 1371 5262 capit.
1390 5193 1422 5247 Et
1436 5193 1565 5247 maximas
1579 5193 1689 5260 quidem
1705 5190 1791 5245 excel-

997 5278 1134 5346 lentesque
1155 5294 1198 5332 res
1220 5280 1245 5333 in
1261 5291 1353 5336 natura
1368 5282 1526 5346 attrutinat,
1546 5297 1605 5350 quae
1620 5269 1748 5348 seittper,
1764 5286 1791 5332 at

997 5367 1055 5435 ipse
1069 5369 1171 5423 Tullius
1197 5371 1286 5424 irruitis
1302 5371 1327 5425 in
1341 5372 1409 5426 locis
1423 5372 1558 5437 defendit,
1573 5371 1636 5425 botai
1652 5380 1695 5426 est
1713 5384 1791 5439 appe·

998 5467 1066 5513 teus.
1081 5465 1114 5514 dt
1129 5476 1191 5515 vero
1213 5477 1272 5530 qua
1297 5465 1446 5531 posteriora
1462 5460 1541 5532 sunl,
1558 5463 1584 5515 in
1609 5461 1731 5530 terripur'e
1747 5474 1791 5528 pa<

997 5554 1060 5611 stt't,
1078 5551 1176 5622 idcirco
1190 5554 1260 5623 quod
1273 5557 1361 5609 omnia
1378 5559 1492 5626 tempori
1507 5555 1639 5625 sttbjecta,
1658 5551 1791 5622 principa·

996 5638 1028 5695 iis
1041 5642 1102 5695 lrout
1118 5657 1170 5696 tton
1185 5643 1300 5705 retiitent
1323 5654 1434 5700 statum.
1462 5648 1551 5711 l'irtus
1572 5644 1680 5716 quidem
1699 5645 1726 5698 in
1748 5641 1790 5696 de·
