3946 6186
239 246 322 320 urtr'
786 288 789 293 -
845 256 1250 331 uu.uunt..suv.uuuvn
1300 287 1304 294 ·
1359 281 1363 287 ·
1570 221 1576 234 ’
1804 256 1877 316 itte

238 383 311 437 verim
329 398 412 438 rerum
423 391 499 436 notre.
513 379 601 447 ltaque
614 380 662 433 luoe
673 377 891 433 ideurdrirtotrles
903 377 1029 447 ululatur
1043 375 1067 452 d
1081 386 1143 442 paru
1158 375 1274 429 untedium
1286 372 1427 444 significat,
1445 374 1551 430 tullium
1564 389 1628 431 vern
1644 375 1722 430 attuit.
1737 374 1770 429 Et
1783 373 1876 445 legiti-

190 488 194 500 ’
238 475 361 545 appellnt,
384 470 552 541 quodLntine
571 481 607 525 est
629 477 700 525 nolu.
724 470 777 526 Sed
798 485 856 524 cnm
877 468 1032 539 intelligitur
1082 466 1500 522 tuuuuctaeditintumsimililer.
1532 466 1696 537 lustrisque
1720 466 1804 533 enittt,
1831 467 1876 523 lea

145 556 149 562 ’
237 569 299 638 quid
320 565 463 636 siqnipioet,
489 567 573 619 rruiuns
596 564 765 618 laborandum
790 574 827 617 eat
855 564 887 615 de
916 562 1028 615 nomine.
1082 558 1128 626 ibi,
1144 559 1215 614 aedes
1231 559 1276 624 ibi,
1289 559 1398 628 aliquid,
1417 561 1510 615 timum
1521 575 1587 616 veru
1606 560 1674 616 nihil
1703 560 1876 616 oanninnde·
1899 599 1904 651 ἱ

238 658 324 711 linito
348 657 427 725 mitur
453 657 663 728 iupdieputundo
686 656 817 709 notatione
843 654 1030 719 eliciunturcx
1080 652 1178 720 signat.
1206 651 1235 705 td
1262 667 1326 705 vcro
1350 666 1446 713 nouren
1481 653 1553 721 quod
1577 663 1621 708 cst
1661 653 1903 722 postlimininnt,'·

235 749 320 810 uario,
332 757 358 800 ut
372 763 430 801 eum
444 747 568 818 quaritur
586 747 771 812 postliminium
781 745 842 814 quid
855 745 899 808 sit,
910 759 961 796 uon
972 742 1029 795 dico
1081 743 1193 800 scevola
1212 743 1240 797 P.
1266 744 1335 798 iiius
1360 759 1391 798 cx
1406 744 1536 800 auueruio
1560 757 1621 815 post
1642 755 1670 801 ct
1684 747 1775 801 limine
1799 753 1876 815 putat

236 855 293 905 qum
307 841 358 893 siut
380 842 539 909 postliminii.
563 839 632 909 Nam
653 841 681 894 id
701 841 800 893 coderet
819 840 846 892 iu
868 837 1027 900 diuisionem,
1083 852 1144 894 esse
1170 840 1359 906 compositum,
1377 854 1439 892 nam
1460 838 1521 908 quia
1545 839 1579 895 ad
1600 839 1669 896 idern
1698 841 1778 894 limen
1801 839 1876 909 quod

235 947 291 999 qum
308 934 365 986 talia
380 943 440 987 est:
460 932 622 987 Postliminio
645 933 827 996 redeantlrmc,
843 932 930 996 ltomo,
945 929 1027 992 ruerit,
1082 930 1155 1000 prius
1176 931 1284 1000 reliquit
1312 931 1459 986 revertitur
1481 931 1503 986 is
1526 933 1571 1001 qni
1593 933 1760 1002 postliminio
1790 931 1874 1002 redit,

234 1026 320 1079 mulus
344 1025 510 1092 clitellarius,
533 1044 629 1096 equus,
652 1044 718 1098 equo
741 1043 799 1098 quae
822 1029 896 1097 siena
916 1026 1028 1096 recipere
1081 1016 1228 1076 idcircoex
1243 1021 1363 1091 utrisque
1386 1021 1627 1091 significationibus
1652 1023 1798 1078 arbitratur
1826 1040 1877 1079 no·

234 1117 310 1173 solet.
332 1117 386 1174 Sed
405 1135 462 1172 cum
477 1120 556 1187 ipsius
571 1120 721 1188 postliminii
734 1122 770 1172 niu
784 1120 917 1189 queritur,
931 1128 955 1172 ct
969 1132 1027 1170 uer·
1081 1127 1215 1174 utcuesse
1244 1113 1447 1183 conpositum.
1461 1113 1632 1184 Quaecunque
1655 1113 1725 1169 enim
1750 1129 1765 1167 a
1790 1114 1877 1169 euobis

235 1207 294 1261 inm
314 1212 396 1278 ipsum
413 1219 527 1276 notutnr,
543 1211 905 1281 inqnoSeroiuanorterlut
924 1207 1027 1279 opinor)
1080 1203 1228 1259 abalienata
1244 1203 1391 1259 adltusletn
1419 1206 1663 1274 perveniunucum
1687 1219 1702 1258 a
1729 1214 1824 1258 nostro
1840 1204 1878 1257 ti-

130 1357 133 1363 ,
234 1301 303 1354 niluil
320 1313 393 1371 putot
409 1319 462 1357 esre
476 1303 617 1358 notandum
632 1305 683 1359 ruisi
698 1315 764 1376 port,
781 1315 805 1358 et
818 1305 944 1358 liminium
958 1304 1026 1358 illud
1080 1300 1153 1354 mine
1180 1299 1305 1364 exierint,
1331 1299 1354 1354 si
1374 1299 1480 1369 posted
1502 1298 1572 1354 idem
1588 1299 1667 1354 limen
1691 1307 1877 1367 revertantur,

184 1416 188 1424 ·
235 1393 427 1460 productionem
447 1395 709 1460 irreverberatum
731 1395 1025 1467 infinitimo,leqitlma‚
1080 1390 1385 1466 pqstliminioredeunt.
1403 1389 1638 1458 Quotttotloetiam
1658 1389 1772 1444 Mancini
1793 1404 1875 1444 causa

234 1486 349 1538 oeditimo
361 1502 413 1539 uon
434 1487 596 1558 pluelinerre
620 1488 709 1540 timum
731 1503 808 1555 quum
832 1487 858 1540 in
883 1487 1026 1541 meditullio
1079 1482 1186 1538 delendi
1204 1490 1307 1551 potest,
1323 1472 1602 1554 quemcuvn‘populus
1621 1481 1757 1536 Romanus
1771 1481 1808 1535 ob
1825 1480 1875 1536 ioe·

245 1576 349 1630 utlinuu.
369 1578 477 1632 Somolo
496 1588 583 1632 autem
605 1578 639 1631 P.
646 1579 715 1648 tiliae
735 1582 855 1650 junctum
875 1588 1027 1649 putatene
1080 1575 1131 1628 tius
1145 1575 1215 1629 male
1228 1574 1309 1629 ictum
1326 1573 1457 1637 dedisset,
1473 1572 1567 1628 hostes
1591 1588 1653 1628 eunt
1672 1573 1811 1642 suscipere
1825 1587 1874 1628 nn·

234 1670 351 1732 antrum,
369 1676 396 1720 ut
413 1669 445 1721 ait
459 1661 485 1722 in
500 1685 528 1722 eo
543 1679 566 1722 et
583 1680 651 1738 post,
667 1678 691 1723 et
706 1670 792 1733 liureu,
808 1680 835 1722 ur
849 1685 936 1740 qnoeu
954 1669 1026 1724 nolio
1079 1666 1171 1722 luere?
1195 1666 1241 1735 qui
1254 1680 1316 1721 cum
1331 1681 1457 1721 reversus
1474 1673 1557 1731 esset,
1573 1664 1738 1735 postliminio
1759 1664 1873 1720 rediisse

233 1759 345 1812 olieuuta
366 1770 435 1828 aaut,
456 1777 515 1814 cum
534 1765 568 1814 orl
582 1762 679 1815 luentem
693 1762 861 1832 pervenerint,
884 1770 907 1814 ct
928 1777 959 1815 ec
978 1777 1025 1815 ruo
1039 1739 1064 1799 Β
1078 1757 1226 1814 videbatur.
1240 1757 1341 1814 idcirco
1363 1758 1425 1831 quia
1453 1757 1477 1813 si
1500 1773 1561 1814 cum
1590 1757 1680 1813 hostes
1705 1757 1875 1828 recepissent

234 1860 355 1920 lanqueum
374 1854 460 1908 lirnine
479 1857 598 1921 exierint,
617 1855 676 1909 dinc
695 1871 725 1908 eo
747 1871 805 1909 eum
827 1856 948 1909 redierint
970 1864 1025 1923 port
1078 1851 1198 1908 deditum
1213 1853 1353 1921 acivibns,
1378 1851 1483 1908 etiamsi
1509 1867 1563 1922 quo
1580 1850 1660 1906 modo
1683 1851 1718 1905 ab
1744 1850 1868 1906 liastibtts

134 1999 136 2004 ,
233 1945 266 1995 ud
283 1944 349 1997 idem
364 1946 450 2008 limen,
465 1946 623 2017 postliminio
641 1947 776 2001 uideamur
788 1946 904 2001 rediisse.
927 1947 984 2013 Quo
998 1947 1025 2001 in
1077 1943 1226 2014 effugisset,
1251 1959 1305 2000 uon
1320 1943 1459 1999 rideretur
1475 1941 1641 2010 postliminio
1661 1954 1803 2011 repressus
1824 1940 1872 2010 qui

233 2037 409 2105 peruereetimu
422 2036 538 2090 llouoiui
550 2054 629 2091 causa
643 2038 852 2108 delendi-potest,
868 2035 1025 2104 postliminio
1075 2034 1177 2105 judicio
1197 2034 1297 2091 civium
1323 2035 1395 2091 omui
1418 2033 1549 2091 libertatis
1567 2031 1628 2103 jure
1652 2032 1749 2089 luisset
1762 2042 1871 2099 erutum

234 2124 346 2191 rediisse,
365 2128 478 2182 deditum
497 2145 548 2182 nou
568 2145 632 2196 cate,
645 2129 766 2199 qnoniam
784 2130 883 2196 nonsit
898 2138 1023 2199 receptur.
1064 2111 1126 2185 ¹sed
1148 2129 1275 2200 quoniam
1293 2143 1343 2184 nec
1364 2127 1475 2196 deditio,
1503 2141 1554 2182 nec
1580 2125 1664 2192 datio,
1681 2141 1730 2180 nec
1748 2124 1871 2191 donatio,

234 2215 304 2271 Natu
323 2235 402 2288 neque
422 2220 590 2289 deditionem,
608 2235 687 2289 neque
705 2221 866 2275 donationem
884 2220 939 2274 riute
952 2235 1026 2274 ence-
1077 2231 1177 2293 praeter
1187 2221 1371 2291 acceptionem
1382 2220 1490 2279 videtur
1500 2233 1581 2290 porse
1594 2218 1751 2284 consistere,
1770 2218 1872 2273 idcirco

196 2299 199 2305 ’
234 2310 321 2376 ptione
340 2311 449 2382 iuteltiqi
465 2299 546 2380 pousess
887 2297 889 2301 ⁷
916 2362 919 2375 ,
1077 2316 1122 2384 qui
1144 2330 1197 2370 uon
1221 2315 1256 2369 sit
1278 2323 1429 2384 susceptus,
1446 2327 1480 2366 ne
1494 2311 1601 2367 dealitas
1621 2309 1726 2380 quidem
1752 2306 1869 2377 intelligi

270 2400 334 2455 Post
346 2405 577 2459 eununerntiouem
590 2405 705 2473 partium
729 2413 803 2460 recto
817 2404 910 2460 ordino
923 2404 959 2460 dc
974 2418 1031 2466 no-¹
1078 2409 1173 2478 possit.
1202 2405 1285 2461 [tecte
1305 2420 1369 2475 ergo
1394 2405 1532 2460 Mancinus
1551 2402 1597 2474 qui
1624 2415 1675 2456 auu
1700 2399 1804 2455 deditus
1836 2413 1876 2491 uu·

216 2519 220 2528 =
235 2495 337 2549 tatituuc
349 2497 500 2565 perpendit.
515 2496 621 2552 Notatio
634 2497 716 2567 igitur
731 2506 772 2551 eut
786 2497 892 2567 quoties
915 2511 947 2551 er
963 2504 1033 2565 nota
1080 2498 1206 2562 hostium,
1223 2498 1245 2553 si
1258 2513 1291 2553 ea
1317 2496 1356 2551 uti
1371 2495 1483 2565 vellent,
1514 2500 1674 2563 pervenerat
1697 2499 1871 2560 potestatem,

235 2588 322 2657 aliqua
334 2589 384 2655 rci,
396 2605 456 2658 qum
470 2590 549 2643 dubia
560 2598 612 2653 est,
630 2590 733 2658 capitur
745 2597 943 2658 argumentum.
958 2585 1026 2642 Nota
1079 2591 1103 2647 is
1112 2604 1173 2646 curn
1185 2590 1213 2653 ip
1226 2591 1339 2660 patriam
1348 2586 1488 2654 remeavit,
1506 2583 1740 2657 jurcpostliutinio
1750 2575 1875 2639 rediirsu'

236 2691 353 2734 verat-st
365 2694 424 2749 quau
437 2696 494 2736 rem
506 2696 639 2750 quamque
650 2681 780 2752 designat.
792 2680 851 2748 Quo
863 2681 892 2736 tn
909 2691 1027 2736 utonme
1079 2680 1273 2738 detonsusest.
1534 2729 1536 2733 ,
1830 2669 1836 2682 '

237 2785 336 2826 unomen
353 2779 417 2825 uinta
431 2772 483 2836 sit,
511 2772 610 2826 ideirco
637 2772 706 2843 quod
729 2783 817 2826 notam
843 2774 905 2827 lauit
919 2786 976 2826 rem
993 2771 1027 2826 dc
1116 2773 1238 2844 Sequitur
1249 2773 1272 2826 ir
1283 2769 1354 2826 locus
1363 2770 1407 2841 qni
1421 2777 1520 2824 conetot
1539 2782 1571 2823 ee
1583 2767 1623 2822 luia
1641 2765 1717 2821 reiut
1740 2779 1797 2834 quur
1808 2778 1873 2833 quo·

237 2879 288 2932 quta
303 2863 473 2933 praedicatur,
486 2863 511 2918 id
528 2863 699 2918 Aritstotcles
719 2865 845 2936 oipioitou
869 2862 1026 2919 nominavit.
1080 2865 1217 2920 dummodo
1241 2865 1341 2933 allecte
1353 2870 1413 2916 anttt
1425 2862 1458 2915 ud
1472 2860 1500 2914 id
1513 2859 1545 2915 de
1560 2875 1611 2930 quo
1623 2857 1773 2929 umllqitur,
1794 2870 1870 2925 quem

236 2952 277 3008 Ex
292 2954 430 3009 rmtatione
454 2967 543 3009 autem
571 2956 686 3009 sumitur
714 2964 899 3025 opprimentem
923 2954 1027 3024 quotics
1080 2959 1157 3014 niodo
1172 2958 1228 3012 diui
1244 2959 1271 3012 in
1284 2958 1369 3027 plnres
1381 2964 1466 3027 parter
1479 2954 1655 3009 diutriintetm.
1671 2949 1752 3018 cuins
1770 2949 1871 3017 primur

237 3045 337 3112 aliquid
353 3061 386 3099 ex
400 3048 547 3110 notatione,
566 3045 647 3101 idest
662 3046 779 3102 nominis
795 3045 1025 3114 interpretatione,
1080 3054 1247 3108 attacorum
1270 3050 1460 3121 corioqutloue,
1481 3061 1558 3120 quam
1574 3043 1661 3100 Graeci
1684 3047 1807 3116 colapium
1830 3057 1873 3096 uo-

237 3139 380 3208 coll'gitur.
424 3137 610 3208 interpretatio
639 3155 703 3194 vero
730 3139 844 3194 nonnula
877 3116 1150 3212 trumtmtaflmm,
1166 3145 1291 3214 finitimus
1315 3142 1450 3208 notationi,
1466 3142 1561 3211 dequo
1585 3136 1874 3202 mododictunrest,ut

238 3228 342 3295 Graece,
360 3233 452 3288 Latine
464 3235 643 3303 veriloquium
656 3241 835 3301 nuncupatum
849 3232 944 3303 ἔτυμον
955 3232 1027 3286 cuitu
1081 3239 1206 3308 uinquam
1217 3237 1330 3311 pluriam
1341 3251 1398 3290 eum
1411 3235 1487 3289 modo
1500 3233 1698 3306 intelliqeremars
1710 3247 1788 3302 quum
1798 3228 1874 3282 iniri

238 3335 331 3380 verium
347 3324 488 3393 siquilicat,
503 3325 577 3398 inpie
590 3325 751 3380 orationem.
767 3323 820 3380 Sed
832 3324 894 3393 quin
910 3324 935 3379 id
958 3325 1029 3378 veri-
1083 3330 1214 3384 mulleorum
1227 3328 1382 3392 uideremus,
1395 3326 1491 3380 reniret
1511 3322 1619 3391 liutius,
1632 3323 1688 3393 qai,
1700 3323 1763 3392 quic
1780 3322 1873 3390 conju·

239 3412 359 3483 loquium
383 3416 471 3468 minus
490 3415 516 3470 iu
544 3431 592 3471 usu
608 3416 692 3471 Latini
711 3417 845 3471 sermonis
869 3416 1026 3481 labebatur,
1082 3429 1142 3492 quta
1170 3421 1245 3473 aeria
1265 3429 1346 3472 eunnt
1366 3418 1451 3488 pluuia
1474 3425 1498 3470 ct
1512 3415 1640 3489 pluendo,
1656 3414 1751 3468 diruet
1772 3426 1873 3468 omnem

238 3503 462 3572 interpretatione
476 3507 594 3561 nominis
607 3510 771 3561 violationem
787 3507 888 3562 Tullius
900 3506 1026 3574 appellat.
1082 3526 1176 3581 uquam
1187 3518 1302 3580 oportere
1312 3511 1395 3564 arceri
1408 3525 1466 3579 quoe
1478 3508 1590 3578 pluendo
1606 3507 1734 3562 ructuaret.

238 3582 337 3649 Ea'est
352 3595 514 3663 lurjasmodi,
539 3606 566 3650 ut
581 3597 603 3651 si
627 3611 731 3665 quaeras
750 3597 813 3665 quid
836 3584 879 3651 est
892 3597 1027 3666 postlimi·
1097 3600 1185 3656 .Cum
1201 3601 1287 3656 loeium
1307 3600 1353 3669 qui
1368 3600 1433 3669 ipsis
1456 3599 1490 3654 de
1515 3598 1613 3668 quibus
1634 3598 1763 3668 queritur
1782 3594 1875 3650 iarbae·

239 3685 324 3761 niutau.
342 3684 368 3738 iu
392 3698 443 3753 qna
460 3688 611 3753 quastione
636 3699 689 3739 non
714 3685 780 3740 illud
802 3685 907 3740 videtur
929 3685 1028 3757 inquiri
1081 3702 1154 3749 reret
1175 3693 1201 3745 in
1213 3701 1327 3762 quatuor
1339 3689 1505 3745 differentias
1519 3703 1599 3760 supra
1612 3686 1756 3754 distribuit,
1770 3699 1785 3739 a
1801 3692 1872 3753 toto,

238 3791 297 3845 quau
312 3791 355 3829 ros
366 3776 531 3844 postliminio
546 3786 724 3841 revertantur,
741 3776 793 3832 hoc
815 3763 885 3832 enim
908 3778 934 3832 in
955 3777 1028 3832 divi·
1082 3782 1117 3838 ab
1129 3782 1332 3837 enumeratione
1346 3781 1471 3851 panium,
1500 3795 1515 3834 a
1530 3790 1603 3845 nota,
1618 3779 1654 3835 ab
1667 3775 1777 3844 allectis,
1802 3789 1873 3846 qua·

238 3852 342 3925 sioruem
354 3867 471 3931 caueret,
487 3867 512 3921 id
524 3878 565 3922 est
576 3883 667 3922 catum
683 3867 801 3923 omnium
814 3883 902 3924 terum
917 3883 1028 3924 eltutus·
1082 3875 1153 3930 uriam
1176 3875 1320 3945 diligenter
1347 3874 1382 3930 de
1396 3874 1577 3944 superioribus
1603 3872 1688 3929 tribus
1703 3871 1781 3943 paulo
1808 3879 1875 3928 aute

237 3961 440 4027 rationemque
456 3969 516 4030 post
531 3960 632 4016 liminio
646 3961 757 4016 redeunt
773 3961 931 4030 postularet.
949 3960 1037 4028 vetut
1083 3969 1216 4034 praerupit,
1233 3983 1304 4023 nune
1317 3978 1440 4038 quartum
1454 3967 1552 4032 locum,
1569 3967 1647 4022 idest
1659 3965 1765 4030 allecta,
1778 3979 1887 4034 perse·⁴

239 4051 262 4104 si
277 4048 480 4128 itaudicamus:
499 4050 665 4105 Postliminio
690 4051 803 4107 redeunt
824 4053 916 4119 luorum,
941 4053 1038 4118 navis„
1081 4061 1182 4130 quitur.
1198 4059 1371 4129 thuoniam
1399 4058 1473 4113 locus
1500 4058 1535 4112 alr
1559 4055 1662 4113 allectis
1686 4058 1713 4113 in
1740 4057 1874 4128 plurimae

238 4143 326 4197 mulus
340 4142 508 4209 clitellarius,
525 4159 621 4213 siquas,
635 4160 702 4212 equa
717 4161 776 4215 qum
798 4144 889 4202 ivenus
906 4147 1038 4216 recipere¹
1081 4149 1246 4207 differentius
1259 4151 1420 4214 solvebatur,
1444 4164 1556 4218 quarum
1579 4149 1664 4219 prima
1684 4164 1700 4203 a
1722 4148 1871 4219 coniugatis

238 4236 319 4302 solet,
337 4235 364 4289 id
378 4234 543 4303 estidomita,
560 4243 809 4293 nunc'euumeratre
825 4249 887 4293 snm
907 4254 951 4294 res
967 4253 1027 4309 quae
1082 4245 1218 4312 proposita
1233 4249 1284 4304 est,
1303 4241 1416 4308 primum
1443 4238 1561 4309 loquitur
1584 4238 1619 4295 dc
1633 4240 1796 4311 conjugatis,
1811 4254 1872 4309 quaa

238 4327 404 4399 postliminio
433 4335 612 4382 reuertuntur.
639 4331 673 4383 ut
699 4343 758 4383 cum
784 4330 855 4399 quod
881 4330 917 4383 sit
939 4332 1026 4400 ipsum
1081 4331 1194 4386 multum
1209 4346 1223 4384 a
1237 4331 1375 4399 notatione
1390 4344 1443 4384 aton
1458 4330 1595 4402 dillerunt.
1609 4328 1676 4386 Nam
1690 4331 1753 4402 quia
1768 4331 1873 4388 nuntia

236 4419 392 4486 postliminii
405 4418 451 4489 jus
474 4419 612 4496 quaeritur,
640 4428 728 4489 potest
742 4436 775 4475 er
804 4420 887 4490 ipsius
910 4420 1026 4476 nominis
1081 4440 1115 4480 ex
1128 4425 1155 4478 vi
1170 4423 1285 4479 nouniuis
1301 4423 1423 4487 trahitur,
1437 4424 1553 4493 itemque
1572 4423 1727 4493 coutjuqatiu
1745 4424 1888 4481 uimitnun

236 4510 458 4580 interpretatione
485 4511 621 4580 cognosci.
650 4511 819 4568 Postliminio
850 4514 923 4568 euim
955 4494 1143 4580 rettulimus
1168 4514 1289 4570 vocabuli
1316 4515 1482 4581 continetur,
1509 4515 1618 4585 aliquod
1640 4497 1765 4571 intense
1787 4514 1873 4572 veluti

236 4603 357 4672 quisquis
371 4611 464 4671 eaptus
477 4605 510 4658 ab
526 4604 647 4659 hostibus
668 4603 701 4659 ad
716 4605 829 4675 patriam
848 4606 1024 4672 rcureaverit;
1081 4605 1227 4663 confinium
1254 4613 1355 4661 tenent.
1381 4605 1434 4661 Sctl
1458 4606 1509 4661 noc
1536 4606 1658 4672 interest,
1682 4605 1746 4676 qnia
1768 4605 1889 4661 nauda-

236 4689 353 4761 uraniique
367 4692 429 4747 dunt
445 4694 625 4762 captiuitatem
641 4695 757 4759 hostium
771 4695 881 4766 patitur,
895 4694 939 4765 jus
959 4696 1025 4752 civis
1081 4697 1249 4767 cupiositione
1264 4697 1391 4760 nominis,
1410 4696 1563 4765 conjungatis
1585 4693 1764 4751 similitudine
1791 4709 1888 4757 vaca·,

237 4786 349 4849 amittit;
365 4785 598 4855 omniaverojura
623 4788 728 4857 recipit,
755 4788 778 4843 si
795 4789 958 4856 postliminio
981 4804 1025 4845 re-
1081 4785 1135 4841 itali
1146 4802 1177 4842 uc
1187 4786 1354 4842 derivatione
1374 4786 1521 4854 perficitur.
1547 4784 1872 4857 thuouiamlaciliset

235 4885 365 4929 uertatur.
382 4876 452 4946 Ergo
464 4891 497 4930 cr
509 4877 645 4932 notatione
661 4878 777 4933 nominis
788 4879 823 4933 ita
834 4878 1033 4949 Jusposttinu
1080 4878 1217 4934 intellectu
1229 4886 1255 4932 et
1270 4887 1384 4934 tractatu
1398 4877 1472 4931 locus
1486 4888 1539 4946 est,
1556 4886 1658 4932 tanturn
1686 4891 1788 4946 ponere
1810 4878 1888 4937 sul-.

234 4966 271 5020 nii
287 4967 437 5022 clarescere
452 4976 548 5037 potest,
566 4968 665 5038 utquia
680 4983 787 5040 semper
807 4971 1024 5042 postidsipnilt·
1080 4971 1136 5027 licit
1149 4970 1394 5041 exemptum,quotl
1413 4981 1456 5026 est
1479 4969 1652 5040 liujusruudi:
1679 4972 1756 5039 Aqua
1777 4968 1886 5040 pluvia.

234 5059 393 5124 caturquotl
412 5070 484 5114 retro
505 5057 685 5129 relinquitur,
712 5062 869 5131 postliminii
894 5064 1024 5120 rambula
1077 5072 1187 5132 estque
1200 5062 1316 5132 pluendo
1327 5062 1460 5132 colligitur
1481 5071 1509 5116 et
1532 5063 1638 5118 crescit.
1667 5059 1790 5117 Pluendo
1804 5075 1871 5117 vero

233 5150 355 5220 quaedum
372 5151 492 5208 reversio
507 5151 681 5223 significatur,
694 5163 724 5209 ut
736 5155 847 5212 Servius
859 5157 963 5226 probat,
977 5159 1023 5230 qui
1077 5164 1158 5225 atque
1179 5154 1267 5224 pluvia
1291 5154 1432 5225 coniugata
1459 5163 1531 5213 sunt.
1547 5153 1576 5208 ln
1589 5168 1643 5209 uno
1656 5153 1730 5208 enirn
1752 5153 1886 5210 eodern·¹

233 5257 265 5297 cx
293 5241 424 5297 adverbio
444 5255 505 5314 post
519 5243 574 5299 vim
596 5245 711 5302 nominis
735 5247 937 5317 interpretatur,
960 5249 1034 5309 reli·,
1076 5260 1130 5316 que
1144 5246 1277 5311 vocabulo
1290 5245 1562 5301 diversusnnmiuum
1579 5245 1718 5321 terminus*
1734 5244 1870 5303 differen-

231 5349 311 5404 quam
334 5335 457 5390 vocabuli
478 5347 582 5407 partem
604 5337 814 5408 protractionem
839 5354 900 5395 esse
924 5341 1023 5396 contir-
1077 5337 1141 5392 tium
1157 5336 1229 5393 lacit.
1253 5336 1342 5393 item:
1362 5336 1868 5407 lusestaquampluviarnarccri,id

231 5436 326 5488 marrs;
342 5439 404 5479 nam
422 5426 448 5480 in
460 5441 492 5483 eo
502 5429 573 5496 quod
588 5428 889 5498 emmerammianos
904 5431 1022 5500 eoquod
1075 5437 1127 5494 cst,
1145 5437 1172 5483 ut
1184 5428 1206 5483 si
1230 5429 1256 5483 in
1270 5427 1383 5499 alicujus
1406 5443 1471 5497 agro
1489 5428 1575 5497 pluria
1589 5442 1657 5498 aqna
1671 5427 1824 5498 colligatur,
1840 5438 1870 5486 et

233 5523 292 5578 post
306 5515 409 5570 dietum
423 5526 465 5572 est
479 5519 727 5588 interpretationem
739 5523 856 5578 nominis
883 5523 974 5587 sumit,
990 5522 1023 5576 li·
1073 5521 1101 5575 in
1112 5520 1223 5577 alterius
1238 5535 1330 5590 agrurn
1346 5520 1454 5585 defluat,
1470 5534 1554 5590 euque
1568 5519 1648 5576 vicini
1676 5520 1799 5589 iruqibua
1813 5536 1868 5577 nu-

232 5601 347 5658 rniniunt
362 5621 426 5660 vcro
440 5623 605 5676 superuacuo
627 5621 702 5681 putat
715 5627 775 5668 esse
794 5612 962 5683 productum.
979 5611 1020 5666 Ad
1073 5613 1158 5667 citura
1173 5619 1341 5678 concrescat,
1356 5610 1447 5667 arcent
1460 5625 1519 5667 eam
1532 5611 1587 5666 suis
1602 5611 1701 5666 fluibus
1716 5611 1821 5681 ille-qui
1840 5611 1869 5667 id

232 5690 329 5750 lterum
340 5696 481 5758 uorurinutn
495 5699 619 5772 turmam,
632 5702 826 5772 meditullium
848 5704 932 5776 prium
947 5703 1020 5763 enirn
1037 5780 1040 5786 ¹
1073 5716 1121 5761 sua
1135 5711 1210 5775 putat
1221 5703 1352 5768 interesse
1365 5717 1399 5761 uc
1414 5700 1522 5760 defluat.
1545 5703 1573 5762 st
1589 5702 1686 5762 fluvius
1704 5701 1788 5773 igitur
1805 5702 1867 5777 plu·
1884 5749 1887 5753 .
