3946 6186
696 344 740 399 DE
759 345 969 405 succedisset)
988 348 1213 408 cuteobutcti.

351 461 547 517 omnebonum
562 459 698 513 uirtusest
802 465 895 512 menet
975 456 1170 513 omnebonum
1186 461 1336 516 virtusest.

353 553 492 620 Qonddtm
503 551 603 620 justum
618 550 718 605 bouum
732 557 774 605 est
800 548 913 604 scrdtor
938 587 941 593 .
977 548 1116 614 Quoddaut
1132 549 1231 603 bouum
1242 550 1342 618 justum
1358 562 1409 607 εει.

350 644 490 710 Quoddam
503 643 602 712 justum
616 640 700 696 siritu
713 649 755 696 est
799 647 902 695 monet·
978 639 1117 706 Quoddatn
1130 640 1231 708 justum
1247 643 1392 697 virtusest.

121 741 251 810 Reliquus
264 743 358 793 sextus
376 734 546 806 syllogismus
557 732 644 786 tertie
662 729 799 800 lipurtede
812 730 906 800 primae
959 730 1569 802 missorumpropositionibus‚strpuesecundis
1580 736 1746 804 particulari·

121 834 311 900 llptrrnouarto
324 824 406 882 modo
412 831 579 894 procreatum
587 821 756 876 manentibus
769 823 904 890 enimpri·
960 831 1001 876 ter
1008 820 1154 876 immutatis
1164 821 1309 890 particulis,
1317 822 1343 877 in
1350 834 1463 894 utroque
1472 826 1743 882 mauebitcouclusio.
1760 860 1762 865 .

349 931 456 988 Nullum
472 931 569 986 bonum
579 929 681 1003 ¹rupium
694 939 736 984 est
826 931 938 1005 eudem¹
972 929 1080 984 Nttlium
1094 927 1193 999 bonum
1208 928 1305 980 malrum
1321 937 1372 982 εει.

349 1021 488 1091 Quoddutu
501 1018 776 1090 justutrtbo'ootnest
823 1031 928 1083 mutate
968 1020 1107 1089 Quoddanr
1119 1018 1218 1074 bonum
1232 1020 1334 1089 justum
1348 1031 1400 1076 est.

346 1112 590 1182 Quoddatujustutu
601 1110 807 1167 meiumuouesi
822 1120 913 1168 manet
967 1109 1105 1180 Quoddaro
1120 1109 1221 1178 justum
1233 1111 1331 1165 malurn
1344 1126 1398 1165 non
1413 1117 1463 1166 est.

86 1203 89 1207 ’
118 1210 232 1278 Quintus
245 1214 336 1265 autem
350 1205 396 1276 qui
410 1206 658 1271 restat‚sicutante
679 1218 728 1274 per
741 1204 908 1275 impossibiie
920 1209 946 1270 Α
959 1205 1051 1275 ligures
1066 1203 1162 1259 modas
1178 1192 1313 1272 inprime
1334 1203 1426 1276 ligure
1442 1206 1549 1263 modum
1566 1207 1673 1269 teuium
1696 1209 1747 1264 itne

120 1303 257 1372 prol-atur,
272 1301 401 1355 itaetiaru
417 1311 488 1351 nunc
499 1308 549 1365 per
562 1294 804 1365 impossibilitatem
822 1295 907 1352 resol-
959 1296 1039 1350 modo
1056 1311 1064 1347 z
1087 1296 1109 1349 si
1129 1295 1190 1365 quis
1203 1295 1362 1366 igiturdues
1375 1300 1571 1369 propositiones
1592 1302 1659 1355 sexti
1671 1301 1743 1355 modi

119 1394 199 1447 uitur.
229 1391 283 1447 Sed
304 1388 530 1460 quemadmodum
559 1403 627 1441 unus
653 1387 733 1442 luerit
756 1388 907 1457 resolutus,
960 1385 1046 1451 tertiae
1059 1385 1150 1456 ligurae
1170 1388 1352 1453 concesserit,
1377 1391 1507 1444 concedat
1529 1392 1610 1445 etiam
1638 1405 1749 1445 necesse

120 1484 215 1538 codem
231 1481 326 1536 ordine
340 1493 434 1534 otuncs
448 1478 599 1535 resolvendi
610 1486 682 1533 suut.
697 1478 849 1533 Resolvitur
857 1493 907 1533 au·
959 1487 1001 1534 cst
1013 1478 1214 1533 conclusionem
1229 1493 1289 1549 quse
1303 1492 1355 1545 est,
1380 1480 1512 1549 qttoddant
1525 1481 1626 1551 justum
1649 1482 1747 1536 rnaluro

122 1571 381 1628 temsextustertiae
401 1569 494 1640 dpurae
520 1569 615 1623 modus
640 1569 666 1621 iu
696 1568 802 1622 tertium
815 1568 909 1638 primas
961 1578 1075 1626 nonest.
1095 1570 1162 1625 liam
1176 1570 1200 1624 si
1213 1570 1270 1627 hacc
1284 1570 1349 1625 laisa
1363 1580 1416 1637 cst,
1431 1573 1482 1627 erit
1494 1573 1748 1642 reracnntrajaeeus

120 1664 211 1734 ligurus
239 1662 358 1716 modurn.
388 1660 503 1729 Quintus
520 1668 608 1714 autem
635 1660 719 1714 tertiae
739 1658 830 1731 dpurte
847 1670 930 1729 tuuf·¹
960 1663 984 1718 ci
1000 1663 1094 1732 primic
1115 1662 1208 1731 ilgttrae
1235 1664 1308 1717 tertii
1330 1664 1400 1718 modi
1424 1665 1508 1734 prima
1530 1668 1748 1736 propositioque

118 1753 168 1810 dus
194 1753 336 1808 resoluitur
364 1752 389 1806 iu
421 1751 535 1821 primurn
564 1752 658 1820 prime
686 1749 786 1821 ligure.
822 1750 908 1816 Quar·
960 1761 1116 1817 est,omne
1136 1751 1237 1821 justum
1254 1754 1353 1808 malum
1377 1762 1428 1809 εει.
1450 1755 1501 1810 Sed
1521 1757 1749 1811 etiameoncussit

120 1855 163 1901 tus
200 1845 285 1899 tertie
313 1843 403 1913 figurae
434 1843 704 1897 niodus‘rcsoluitur
729 1843 753 1896 iu
783 1852 906 1912 quartum
960 1842 1171 1912 propositionem
1186 1842 1343 1909 secundam,
1358 1859 1416 1913 quae
1428 1845 1634 1913 est‚uuoddsm
1646 1847 1745 1901 bonuin

122 1937 215 2004 priutae
238 1935 331 2004 liguros
357 1931 477 1987 modum.
503 1931 609 1987 Tertius
637 1933 825 2002 tertiuligurae
850 1948 908 1990 mo-
958 1931 1060 2002 jostum
1087 1943 1138 1988 est.
1175 1933 1215 1988 Er
1239 1933 1376 2004 {sicigitur
1403 1936 1532 1990 concedat
1558 1917 1668 1992 necesse
1694 1927 1747 2002 εει.

120 2028 172 2081 dus
198 2026 343 2081 resoluitur
370 2024 397 2080 in
431 2023 579 2080 secuudum
609 2026 702 2094 prime
730 2025 821 2095 ligures
850 2040 908 2081 ruo·
960 2023 1208 2093 qttnddrrubonutn
1224 2024 1397 2091 malumst,
1420 2027 1556 2096 quiaante
1575 2018 1746 2083 concesserat

119 2116 194 2171 dum.
216 2116 356 2171 Secundus
383 2114 468 2170 tertie
492 2114 585 2185 ligurus
604 2115 700 2170 modus
722 2116 865 2171 resoluitur
878 2119 905 2173 in
958 2121 1072 2190 primam
1089 2119 1298 2190 propositionem
1312 2120 1381 2176 sexti
1396 2118 1467 2173 modi
1483 2120 1568 2172 tertiae
1582 2115 1673 2187 ligura
1686 2131 1745 2184 uuae

120 2208 234 2276 primum
256 2207 452 2278 primaedpurae
463 2206 582 2262 modum.
613 2202 906 2278 Primitertiaellpuraa
958 2219 1017 2277 est,
1038 2210 1140 2266 nullum
1154 2210 1253 2266 bonum
1273 2212 1371 2265 malurn
1386 2219 1436 2265 est.
1458 2204 1516 2264 litto
1542 2215 1661 2278 ternpore
1679 2206 1747 2263 ditus

119 2297 191 2351 morli
212 2298 382 2353 resolvuntur
399 2296 425 2351 iu
439 2297 573 2352 secundos
588 2300 680 2366 primur
695 2298 785 2369 ltgorae
801 2300 905 2355 modos.
959 2303 1009 2357 sibi
1023 2299 1239 2369 contrajacentes
1266 2299 1406 2363 concedit,
1428 2297 1498 2368 qud
1519 2297 1577 2352 lieri
1594 2310 1646 2352 nou
1665 2285 1757 2366 posse⁸

119 2388 271 2444 iicsoiritur
288 2396 376 2443 sutem
391 2403 440 2458 per
457 2387 699 2459 impossibilitatem
715 2397 806 2444 sertus
821 2391 905 2445 tertie
921 2403 945 2463 B
959 2391 1103 2462 descriptio
1116 2390 1244 2445 declarat.
1634 2397 1637 2407 ·

241 2478 346 2534 Nullum
359 2481 458 2535 bouum
474 2480 573 2535 malum
589 2489 627 2535 est
665 2490 774 2536 contra·
1084 2482 1231 2550 contrajac.
1245 2480 1330 2536 Otuue
1338 2481 1438 2550 justum
1451 2479 1550 2534 maiuru
1560 2486 1612 2534 cst.

241 2573 380 2640 Quoddam
391 2573 490 2630 bonum
500 2574 602 2642 justum
615 2583 657 2630 est
697 2588 833 2630 concessae
914 2573 935 2628 ll
1082 2572 1221 2641 Quoddsm
1237 2572 1337 2627 bonum
1349 2571 1451 2641 justum
1466 2580 1517 2625 est.

241 2665 380 2733 Quoddam
390 2666 491 2734 justum
503 2666 602 2721 maituu
614 2680 667 2720 nou
683 2675 725 2721 est
769 2668 886 2734 p'crtuut.
1081 2662 1172 2733 jacen.
1187 2664 1325 2730 Quoddaut
1340 2664 1439 2719 bouum
1456 2662 1554 2718 malurn
1569 2670 1621 2717 est.

120 2757 175 2812 linc
196 2758 273 2813 modo
287 2772 381 2813 crucies
404 2759 493 2813 caeteri
510 2757 581 2812 modi
597 2758 682 2812 tertiae
703 2757 794 2826 ligurus
808 2757 834 2811 in
850 2755 906 2825 pri·
959 2768 1161 2810 conversionem
1176 2756 1274 2811 resolvi
1296 2749 1459 2825 neapoleo,
1485 2768 1532 2824 per
1546 2749 1747 2833 impossibilita-

119 2863 176 2904 tnos
191 2849 283 2905 nundus
297 2849 390 2919 prirute
414 2847 505 2918 ilgurae
520 2847 680 2911 referuntur.
696 2846 766 2915 quod
787 2845 905 2915 subjecta
960 2855 1013 2900 tem
1028 2845 1161 2902 resolutus
1174 2855 1225 2902 est.

119 2938 263 3009 descriptio
285 2940 413 3004 declarat,
431 2939 456 2992 iu
479 2953 530 3008 qua
547 2938 621 3006 prior
643 2939 763 3007 quintus,
789 2938 832 3003 uui
860 2951 905 3006 per

242 3031 379 3098 Qtrnddam
395 3032 494 3085 bonum
510 3029 608 3084 rnalutn
624 3045 676 3084 tton
691 3037 741 3094 εει,
786 3036 896 3083 contra·
1072 3026 1220 3096 contrajac.
1235 3027 1322 3083 Omne
1334 3028 1434 3098 justum
1456 3028 1554 3083 nialum
1566 3026 1618 3082 esti

241 3123 597 3194 omnebonumjustoruest
627 3130 763 3179 concesse.
904 3119 925 3173 li
1070 3120 1097 3174 in
1112 3119 1232 3189 utrisque
1255 3119 1340 3175 Omne
1354 3119 1452 3175 bonum
1466 3120 1566 3191 justum
1582 3127 1633 3176 εει.

247 3212 382 3281 Quoddam
394 3216 492 3283 justum
506 3215 606 3270 malum
618 3229 670 3269 nou
684 3225 725 3269 est
775 3223 891 3284 permut.
1071 3213 1160 3283 jacen.
1176 3213 1260 3266 Oinoe
1273 3212 1371 3266 boumn
1389 3212 1486 3266 tualum
1500 3223 1551 3267 cst.

246 3305 588 3363 bruitebonumviuosest
624 3317 731 3362 contra·
1074 3297 1219 3372 contrajac.
1238 3302 1342 3359 Nullum
1354 3305 1456 3374 justum
1470 3305 1553 3358 virtus
1567 3312 1619 3359 cst.
1810 3344 1826 3383 2

247 3396 386 3465 Quoddam
404 3400 501 3455 bontuu
516 3398 616 3468 justum
632 3406 673 3456 est
709 3413 846 3454 concesse
908 3395 930 3451 tt
1075 3395 1101 3449 iu
1116 3395 1246 3466 utrisque.
1261 3394 1399 3461 Quoddam
1416 3397 1513 3451 bouum
1527 3396 1627 3467 justum
1638 3403 1688 3452 est.

244 3490 381 3562 Quoddum
395 3494 498 3561 justum
514 3495 597 3549 uirtus
610 3504 651 3550 εει
693 3502 806 3566 permut.
1076 3491 1164 3561 jacen.
1177 3491 1282 3547 Nullum
1298 3491 1395 3547 bonrum
1411 3493 1495 3548 uirtus
1510 3501 1569 3546 est..

239 3586 377 3652 Quoddam
390 3588 489 3642 bonurn
494 3587 596 3656 justum
607 3597 648 3644 εει
686 3599 794 3644 contra-
1076 3587 1223 3657 contrajac.
1241 3585 1319 3642 Nulla
1333 3586 1418 3645 virtus
1430 3585 1501 3657 justa
1514 3595 1555 3640 cst

243 3676 328 3732 Omne
339 3679 440 3733 bouum
454 3679 539 3734 virtus
551 3689 593 3734 est
630 3695 765 3744 concesse
901 3674 931 3754 ‘x
1079 3677 1106 3731 iu
1122 3678 1251 3748 utrisque.
1262 3678 1348 3733 Omne
1361 3677 1458 3732 betium
1472 3679 1557 3731 uirtus
1571 3685 1622 3732 est.

243 3760 368 3835 Qttueda'm
383 3772 468 3825 uirtus
480 3771 546 3840 just'.
564 3780 605 3827 est
645 3766 760 3842 permut.
1071 3773 1161 3844 jacen.
1175 3772 1279 3827 Nullum
1291 3771 1389 3824 bonotn
1404 3769 1505 3838 justum
1520 3778 1572 3822 εει.

123 3883 151 3935 iu
162 3867 325 3935 resolutione
339 3881 411 3939 modi
425 3884 535 3938 secundi
549 3881 638 3953 tertio
650 3884 742 3954 figures
754 3884 779 3939 in
792 3887 906 3956 primurn
920 3887 946 3950 C
962 3885 1019 3942 iteri
1033 3883 1135 3954 nequit.
1147 3879 1372 3950 Nunquameuim
1385 3876 1446 3932 duas
1460 3877 1669 3933 contrariorum
1684 3885 1751 3933 tem·

125 3970 232 4024 modurn
259 3969 349 4039 prime
372 3970 473 4042 liparae,
500 3972 557 4029 bec
583 3975 783 4044 impossibilitas
807 3978 907 4043 evcnit,
960 3990 1026 4046 pore
1040 3974 1201 4043 simuluere
1215 3969 1394 4026 invenientur.

123 4061 193 4131 quod
216 4061 282 4117 duas
304 4064 451 4118 contrarias
466 4080 518 4118 uun
533 4074 653 4134 tempore
675 4065 810 4131 coneedit,
838 4067 908 4135 quod

246 4151 350 4207 Nullum
364 4153 462 4209 bonurn
475 4155 574 4211 malum
589 4164 630 4209 est
671 4165 779 4212 eontra·
897 4200 902 4209 .
1078 4151 1225 4223 contrajac.
1240 4151 1326 4207 Omne
1338 4149 1438 4221 justum
1453 4148 1551 4205 malurn
1564 4155 1616 4204 est.

246 4246 443 4301 omnebonum
456 4247 613 4317 justumest
658 4264 793 4305 concessae
898 4250 934 4306 it
1043 4308 1046 4313 ,
1083 4248 1111 4304 in
1125 4243 1354 4315 utrisque.0mne
1365 4244 1463 4299 bouum
1475 4244 1577 4316 justum
1591 4250 1644 4300 est.
1680 4303 1683 4308 ,

246 4336 382 4404 Quoddam
396 4337 497 4407 justum
512 4339 610 4394 malurn
625 4350 732 4397 nonest
746 4399 751 4409 ,
775 4348 890 4411 permut.
1081 4340 1140 4396 riae.
1155 4338 1262 4394 Nullum
1274 4336 1373 4392 bortum
1388 4336 1488 4406 justum
1503 4343 1554 4393 est.

124 4451 159 4506 Et
181 4451 208 4506 in
231 4455 352 4521 sequenti
374 4467 480 4521 quoque
505 4455 660 4524 syllogismo
685 4455 753 4508 ditas
779 4455 914 4524 concedit,
929 4453 1175 4526 quodintpnssibile
1189 4464 1240 4508 cst.

252 4545 339 4599 Omne
353 4546 451 4599 bunum
464 4545 564 4614 justum
578 4557 618 4600 εει
655 4556 763 4600 contra·
1080 4546 1227 4613 contrajac.
1240 4543 1316 4598 Nulla
1330 4543 1416 4597 sirius
1424 4542 1513 4611 justus
1525 4550 1577 4596 est.

245 4635 439 4691 omnebonum
450 4637 535 4692 uirtus
549 4646 591 4693 est
627 4652 762 4692 concessos
911 4638 933 4694 X
1080 4640 1107 4692 in
1123 4638 1252 4706 utrisque.
1269 4635 1354 4691 Omne
1369 4636 1469 4690 bortum
1480 4634 1563 4690 virtus
1576 4645 1628 4692 est.

177 4759 180 4765 =
245 4728 373 4796 Quaedam
387 4732 470 4788 uirtus
483 4733 554 4801 justa
568 4739 610 4785 εει
646 4739 765 4798 permut.
1083 4731 1142 4786 rire.
1157 4728 1263 4784 Nullum
1278 4729 1376 4783 bonurn
1388 4727 1490 4797 justum
1503 4736 1554 4782 est.

123 4837 176 4893 Nec
192 4850 240 4893 nos
255 4838 319 4892 illud
348 4842 447 4906 turbet,
466 4839 537 4910 quod
562 4841 588 4895 iu
603 4840 761 4908 quibusdam
776 4834 910 4895 contraria
964 4839 1188 4911 contrajacentes.
1205 4840 1270 4896 Natu
1295 4856 1348 4911 quo
1368 4841 1448 4897 modo
1461 4841 1673 4912 contrajacentes
1699 4855 1751 4897 uno

124 4930 271 4998 propositio
281 4936 309 4984 ει
321 4931 457 4986 conclusio
471 4931 616 4998 iuvenitur,
633 4930 659 4986 iu
673 4930 834 5001 quibusdam
847 4943 912 4986 uero
967 4939 1087 5000 tempore
1101 4944 1172 4986 terre
1187 4935 1248 4986 esse
1269 4948 1321 4989 uon
1339 4939 1450 5002 possunt
1465 4947 1591 5003 utiquam,
1608 4933 1647 4989 sic
1670 4933 1753 4988 etiam

123 5021 317 5090 contrajacens.
339 5024 460 5093 Namque
482 5025 620 5094 equaliter
648 5025 765 5094 peccarit
790 5033 843 5078 tum
866 5022 936 5093 oui·
968 5023 1120 5078 contratiae.

125 5119 249 5182 utrasque
263 5114 414 5168 contrarias
437 5115 617 5179 concesserit,
632 5128 710 5182 qoam
737 5115 760 5168 si
788 5101 955 5184 utrosquei)

250 5204 450 5259 omnebonum
465 5206 548 5260 virtus
562 5212 603 5259 εει
639 5212 744 5258 coutra-
1083 5207 1229 5276 contrajac.
1246 5205 1350 5261 Nullum
1366 5207 1469 5275 justum
1482 5205 1566 5258 uirtus
1578 5214 1629 5260 est.

226 5294 445 5350 omnebonum
458 5294 559 5362 justum
571 5299 612 5347 est
648 5306 784 5348 concesse
919 5292 941 5347 Χ
1085 5293 1112 5349 in
1125 5295 1254 5365 utrisque.
1267 5293 1353 5350 Omne
1366 5293 1463 5347 bonum
1474 5291 1576 5361 justum
1591 5300 1643 5347 est.

249 5386 656 5455 Quoddstostumrirtuscst
703 5394 809 5453 permut
996 5377 1000 5387 ’
1090 5384 1481 5441 rito.lloiiombonumtirtus
1501 5390 1552 5438 cst.

125 5497 189 5550 iiuc
197 5494 232 5549 de
240 5492 458 5564 categoricorum
471 5493 692 5564 Sylingismorurn
706 5493 912 5567 introductione,
967 5495 993 5549 in
1005 5493 1148 5564 diiatpticis
1159 5493 1256 5549 uostris
1266 5490 1390 5549 calcatius
1400 5490 1592 5558 exprimemus.
1605 5490 1680 5548 Nunc
1691 5507 1760 5552 ueto

126 5583 299 5641 Aristotelem
322 5583 463 5651 plurimum
485 5598 610 5653 sequens,
634 5596 660 5638 et
675 5582 761 5652 eliqua
779 5581 914 5639 deliteo-
966 5591 1095 5654 quantum
1118 5582 1151 5637 ad
1175 5583 1259 5656 solaro
1285 5580 1502 5650 categoricorum
1530 5581 1755 5652 Spilopismorutp

22 5709 28 5720 ·
126 5678 237 5747 plussin
254 5680 281 5729 et
308 5671 456 5743 l‘orpltpriu
483 5680 772 5743 mutuatus‚quantunt
798 5673 913 5743 parcitas
965 5673 1078 5728 sormam
1107 5670 1264 5741 spectabat,
1290 5670 1435 5741 perlectum
1456 5670 1500 5739 hic
1522 5671 1599 5727 nobis
1616 5674 1754 5745 est‚et‚ad

127 5763 310 5825 introducendi
333 5762 463 5836 permisit,
487 5762 616 5836 cupressi.
631 5763 657 5822 Si
674 5778 723 5834 quit
748 5778 811 5820 tero
826 5761 914 5821 desint
965 5762 1097 5819 cumulum
1110 5761 1494 5823 introduceriselaboratum.
1504 5758 1615 5820 llecltoc
1627 5772 1678 5815 nos
1692 5769 1759 5826 pcr-
