3946 6186
178 323 249 380 taut

792 316 846 372 iifl.
868 313 970 371 litut.
991 312 1068 370 SEV.
1088 313 1197 369 hostii

1743 289 1817 373 t'sm

178 441 216 494 ris
229 433 443 495 enumerabimus
463 433 545 488 locos.
560 430 634 487 Nune
649 428 785 501 paulisper
802 429 866 484 uriiri
879 427 965 483 vide·
979 429 1005 486 Α
1019 425 1163 482 rhetorice
1187 427 1379 498 providendum
1394 436 1444 482 cst.
1469 425 1562 482 Partes
1577 427 1648 482 enirn
1664 428 1817 487 rhetorica

178 539 222 583 tur
237 527 271 583 de
291 535 345 582 tota
360 523 504 580 admodum
518 523 638 579 breviter
651 520 778 576 facultate
792 517 960 577 tractandum

176 612 966 691 magnumopusatqnedifftcile.Quantaenimsibimctars

177 710 309 767 rhetorica
320 711 479 783 cognatione
492 708 630 780 iungatur,
643 721 696 762 non
709 706 786 762 facile
797 704 964 761 considerari

177 815 284 870 potest,
313 804 409 874 vixque
440 812 482 858 est
512 802 592 857 etiarn
619 811 647 856 nt
671 798 760 854 auditu
789 796 964 852 animadverti

174 902 267 962 queat,
279 894 378 950 nedum
390 894 425 948 sit
436 893 513 949 facile
527 902 644 961 repertu.
660 890 698 946 De
708 890 786 959 cujus
802 890 909 960 quidem
923 887 978 943 rei

125 965 126 969 ¹
176 985 395 1039 traditiouenihil
408 983 571 1055 abantiquis
582 979 962 1052 praeceptoribusaccepintus.

176 1078 214 1133 lie
229 1091 393 1146 unoquoque
410 1077 482 1131 enirn
498 1075 672 1145 precipiunt,
689 1073 755 1128 nihii
777 1072 811 1128 de
828 1069 963 1126 communi

175 1171 340 1227 laborantes.
355 1169 439 1239 Quam
454 1179 555 1239 partam
568 1165 698 1224 doctrinae
712 1181 834 1232 vacuam,
853 1174 882 1219 ut
897 1177 962 1233 pos·

76 1267 84 1284 ·
173 1254 278 1330 turnus,
290 1263 484 1334 aggrediamur.
496 1261 719 1330 Dicemusitaque
727 1258 761 1315 de
769 1259 876 1329 generis
886 1258 962 1324 artis,

173 1368 202 1411 et
212 1357 362 1426 speciebus,
375 1365 403 1411 et
414 1354 537 1422 materia,
552 1362 581 1410 et
595 1353 725 1422 partibus,
736 1361 763 1407 et
774 1345 961 1416 instrumento,

174 1446 397 1518 instrumentique
411 1446 541 1515 partibus,
560 1460 644 1516 opere
658 1443 738 1498 etiam
754 1442 897 1511 officioque
917 1456 963 1497 ac·

158 1519 161 1526 ¹
175 1538 243 1592 toris
257 1549 284 1594 et
296 1539 358 1604 fune,
372 1548 432 1608 post
447 1538 506 1592 haec
520 1536 554 1592 de
568 1535 763 1607 quaestiouibus
785 1550 817 1589 ac
831 1535 865 1590 de
884 1534 962 1588 iocis.

173 1629 305 1699 Quocirca
321 1629 391 1700 quod
408 1628 433 1682 io
457 1627 593 1683 communi
615 1624 805 1697 speculandum
820 1635 861 1679 est
876 1666 885 1692 ,
900 1623 968 1680 binc,

174 1719 324 1775 disserendi
341 1733 480 1775 sumamus
498 1719 649 1773 exordium.
663 1716 814 1773 Rhetoricae
825 1717 904 1787 igitur
916 1731 962 1786 gc·

1017 529 1080 574 sunt
1094 519 1223 589 quinque,
1239 518 1368 581 inventio,
1384 517 1537 587 dispositio,
1553 518 1682 584 elocutio,
1704 534 1817 577 memo·

1018 612 1095 676 ratio,
1119 610 1311 681 pronuntiatio.
1335 608 1428 664 Partes
1440 617 1530 664 autem
1546 620 1676 666 vocantur
1692 610 1815 676 idcirco,

1017 704 1112 771 quiesi
1127 703 1228 774 aliquid
1240 704 1333 757 harum
1348 702 1464 758 defuerit
1476 703 1759 773 oratori,·imperiectn
1775 705 1817 759 fa·

1016 797 1100 850 cultus
1114 806 1171 856 est:
1186 807 1266 866 atque
1281 796 1412 866 ideoque
1425 797 1575 851 suniversam
1587 797 1705 852 formant
1717 809 1816 855 orato·

1016 890 1082 943 riam
1104 888 1267 954 fucultatem,
1284 904 1315 944 ea
1335 902 1425 958 partes
1439 888 1572 944 facultatis
1586 888 1645 958 ejus
1657 889 1752 946 dicere
1767 890 1814 960 jus

1016 989 1066 1035 est.
1080 979 1132 1037 Sed
1145 980 1185 1035 bae
1197 991 1287 1049 partes
1297 980 1422 1050 qnoniam
1433 981 1574 1036 rhetoricae
1585 980 1720 1037 facultatis
1733 993 1812 1049 sunt,

1016 1081 1151 1139 totamque
1166 1073 1326 1129 rhetoricam
1341 1073 1494 1132 faculatem
1508 1088 1683 1146 componunt,
1695 1094 1812 1134 ιιιιιιιι

1015 1174 1057 1217 cst
1068 1173 1096 1218 ut
1109 1165 1153 1218 ttbi
1168 1163 1246 1218 fuerit
1259 1164 1401 1220 rhetorico
1410 1169 1524 1238 integra,
1542 1169 1609 1236 ipsae
1622 1185 1731 1239 quoque
1746 1184 1811 1238 par·

1015 1262 1056 1307 tes
1068 1265 1266 1324 consequantur
1277 1259 1303 1309 in
1317 1257 1431 1325 propriis
1445 1259 1604 1326 speciebus;
1615 1273 1711 1314 omnes
1726 1260 1810 1327 igitur

1016 1345 1157 1401 rhetoricae
1173 1356 1262 1418 partes
1277 1348 1384 1402 inerunt
1406 1348 1547 1404 rhetoricus
1565 1351 1718 1419 speciebus.
1734 1351 1809 1418 Quo·

1015 1439 1086 1493 circa
1101 1438 1183 1493 ethis
1202 1439 1326 1493 civilibus
1342 1441 1454 1509 negritiis
1470 1442 1618 1497 tractandis
1631 1442 1806 1509 adhibentur,

1014 1544 1074 1598 quae
1094 1544 1109 1581 a
1134 1530 1270 1598 predictis
1295 1532 1437 1598 speciebus
1459 1536 1601 1587 rhetoricas
1623 1533 1806 1601 informatur;

1014 1635 1091 1691 aeque
1106 1623 1188 1691 igitur
1199 1623 1225 1676 in
1235 1623 1356 1693 judiciali
1382 1627 1490 1694 negotio
1505 1635 1532 1679 et
1546 1629 1572 1680 iu
1586 1627 1764 1683 deliberativo
1781 1641 1808 1686 et

1014 1714 1236 1785 demonstrativo,
1266 1718 1395 1783 inventio,
1419 1719 1571 1786 dispositio,
1599 1722 1729 1790 elocutio,
1750 1736 1807 1781 nie

175 1825 225 1865 nus
235 1820 277 1866 est
287 1811 411 1868 facultas.
425 1811 534 1881 Species
545 1826 609 1866 vero
624 1820 688 1876 tres,
699 1809 837 1879 judiciale,
850 1809 961 1865 demon·
976 1797 1001 1858 Β
1015 1807 1110 1874 moria,
1136 1809 1372 1880 pronuntiatioque
1388 1813 1561 1868 conveniunt.
1581 1814 1716 1880 Quoniam
1742 1832 1807 1873 vero

174 1904 333 1974 strativum,
351 1904 567 1969 deliberativum,
584 1914 612 1960 ct
625 1919 710 1975 genus
731 1903 838 1971 quidem
854 1901 879 1957 fd
900 1917 960 1958 esse

173 1995 244 2064 quod
256 1996 373 2051 diximus
384 2007 466 2066 patet.
478 1996 587 2066 Species
602 2005 691 2050 autern
707 1994 808 2050 idcirco
820 2005 881 2050 sunt
894 2012 961 2066 quus

175 2087 300 2156 superius
327 2087 621 2154 commemoravimus,
650 2083 774 2154 qnoniam
801 2085 827 2139 in
853 2085 893 2140 his
920 2095 961 2140 est

173 2187 229 2232 tota
252 2176 362 2232 facultas
374 2178 525 2232 rhetorice.
542 2177 569 2230 iu
579 2175 700 2246 judiciali
711 2190 810 2245 genere
820 2191 960 2230 causarum

172 2268 275 2338 integra
301 2278 360 2334 est,
384 2269 448 2324 item
475 2269 501 2323 in
525 2262 754 2332 demonstrativo,
770 2270 813 2323 vel
828 2269 962 2325 delibera-

172 2359 239 2415 tivo.
252 2359 306 2417 Sed
328 2362 385 2416 hacc
401 2376 499 2430 genera
521 2370 584 2415 suut
605 2374 759 2416 causarum.
779 2360 959 2416 Omneseuim

171 2465 270 2515 causae,
284 2452 325 2506 vel
337 2452 467 2520 speciales
479 2452 520 2506 vel
535 2450 693 2520 individuae,
708 2452 758 2507 tub
772 2451 867 2508 horum
880 2455 960 2508 trirun

172 2556 361 2607 generumuno
372 2544 481 2609 cadunt,
493 2550 522 2597 ut
531 2541 821 2614 subjudicialiquidem
831 2545 960 2614 speciales

173 2641 203 2684 ut
226 2629 372 2700 maiestatis
394 2634 437 2686 sei
458 2634 678 2702 repetundarum.
703 2636 760 2690 Sub
784 2635 960 2691 deliberativo

172 2736 238 2776 vero
253 2738 417 2793 quaecunque
429 2737 517 2779 causae
528 2727 750 2782 consultationem
762 2727 861 2784 habent
874 2745 881 2782 ι
896 2739 925 2784 ut
937 2729 961 2783 si

173 2815 327 2884 specialiter
339 2817 455 2886 accipias
466 2817 500 2873 de
511 2817 582 2874 bello
593 2819 634 2875 vel
648 2819 681 2874 de
697 2835 772 2888 pace,
788 2822 810 2876 si
822 2838 885 2878 nero
896 2822 962 2878 iudi·

172 2906 252 2961 vidue
266 2908 299 2963 de
313 2907 384 2963 bello
399 2907 493 2980 Pyrrhi
507 2909 550 2964 vel
572 2925 647 2980 pace.
664 2911 764 2967 Eodem
780 2913 860 2969 modo
874 2915 956 2968 etiam

171 2999 198 3054 in
212 2998 438 3067 demonstrativis,
454 3015 621 3072 quaecuuque
630 3004 741 3058 veniunt
755 3003 781 3058 iu
794 3004 900 3059 landem
912 3017 960 3061 aut

171 3092 198 3145 iu
216 3091 450 3162 vituperationem,
477 3093 633 3163 specialiter
646 3096 764 3165 quidem,
792 3105 820 3150 ut
836 3099 894 3152 laus
909 3099 958 3153 viri

1013 1901 1101 1955 omnis
1114 1900 1171 1957 fere
1183 1903 1296 1958 facultas
1310 1904 1487 1960 instrumenm
1507 1907 1591 1960 utitur
1605 1907 1637 1961 ad
1653 1907 1805 1964 faciendum

1012 1991 1083 2061 quod
1098 2003 1196 2063 potest,
1212 1997 1264 2050 erit
1281 1997 1362 2051 etiarn
1386 1998 1528 2054 rhetoricas
1544 1999 1677 2056 iacutntts
1696 2002 1805 2072 aliquod

1013 2085 1234 2151 iustrurneutuna;
1261 2086 1312 2142 hoe
1327 2103 1390 2143 vero
1416 2098 1457 2143 est
1471 2090 1567 2156 oratio,
1585 2106 1645 2160 qun
1660 2094 1759 2162 partim
1778 2095 1805 2150 itt

1012 2177 1083 2231 civili
1099 2192 1198 2247 genere
1214 2191 1345 2246 versatur,
1364 2184 1459 2249 partim
1477 2183 1598 2238 minime.
1615 2184 1653 2238 fle
1664 2199 1695 2239 ea
1712 2194 1804 2240 antean

1012 2271 1132 2322 oratioue
1148 2284 1217 2324 nuuc
1228 2270 1363 2338 loquimur
1377 2287 1437 2341 quse
1448 2274 1565 2342 aliquam
1580 2275 1659 2329 babet
1673 2278 1804 2343 quaestio-

1012 2374 1084 2425 nem,
1099 2360 1139 2415 vcl
1155 2376 1215 2430 quae
1240 2362 1272 2417 ad
1299 2363 1378 2418 iluem
1396 2365 1570 2432 expedientia
1585 2369 1738 2438 quaestionis
1751 2385 1799 2425 ac·

1011 2453 1211 2518 commodatur:
1235 2470 1266 2509 ea
1281 2473 1345 2509 vero
1366 2460 1533 2528 oratioque
1557 2461 1674 2515 incivili
1696 2478 1802 2531 genere

1013 2550 1143 2608 versatur,
1155 2546 1280 2599 continue
1292 2545 1425 2612 decurrlt;
1441 2563 1472 2603 ea
1488 2566 1552 2603 vero
1575 2567 1632 2621 que
1647 2568 1700 2607 non
1716 2555 1802 2610 estin

1011 2631 1133 2687 civilibus
1143 2634 1242 2700 catusis,
1262 2635 1468 2706 interrogatione
1481 2651 1509 2694 et
1525 2644 1698 2711 responsione
1710 2644 1802 2712 expli-

1011 2733 1095 2777 catur.
1111 2724 1163 2779 Sed
1179 2727 1251 2794 prior
1267 2728 1410 2793 rhetorica,
1427 2733 1544 2785 secumln
1568 2733 1708 2788 dialectica
1734 2751 1804 2789 nun·

1011 2823 1134 2882 cupatur,
1156 2832 1216 2884 quc
1236 2815 1286 2871 irinc
1310 2821 1451 2887 superiore
1464 2820 1554 2876 differt
1573 2838 1580 2875 :
1598 2826 1800 2895 primumquod

1011 2904 1055 2958 iiia
1083 2905 1187 2961 civilem
1214 2907 1393 2977 hypothesim,
1419 2913 1476 2966 haec
1503 2912 1600 2967 thesim
1624 2900 1801 2982 consideran

1010 2997 1108 3052 dehinc
1130 2999 1200 3067 quod
1223 3000 1265 3054 illn
1290 3002 1426 3067 contiuua,
1449 3004 1507 3057 hace
1534 3006 1659 3061 intercisa
1675 3009 1800 3064 oratione

1011 3076 1158 3158 peragitur,
1173 3102 1197 3145 et
1214 3091 1284 3159 quod
1302 3091 1436 3147 rhetorica
1449 3096 1535 3149 oratio
1547 3095 1628 3150 habet
1640 3106 1739 3166 praeter
1752 3101 1800 3154 ad·

172 3181 261 3249 fortis,
274 3184 409 3239 individue
423 3200 498 3250 vero,
515 3195 544 3240 ttt
556 3185 614 3241 leus
624 3186 767 3256 Scipionis,
780 3188 830 3243 sub
844 3189 956 3244 demon·
972 3167 995 3232 C
1013 3183 1162 3236 versarium
1183 3183 1315 3252 iudicem·
1336 3185 1476 3240 όῑθῐθθῑῑθθ
1497 3202 1563 3241 ’¹0¹⁰
1590 3189 1687 3243 “fldem
1711 3189 1801 3259 l'infici

170 3275 300 3328 stratiune
312 3284 457 3344 ponuntur.
471 3275 579 3331 historia
590 3293 653 3332 vcro
667 3278 746 3348 liujus
758 3278 892 3334 facultatis
906 3291 957 3347 est,

170 3365 258 3418 uronis
269 3365 376 3435 quident
393 3383 436 3422 res
450 3371 586 3437 proposita
600 3371 633 3424 ad
648 3371 803 3427 dictionem.
826 3372 894 3429 Fere
908 3389 957 3429 att·

170 3464 223 3507 tem
239 3463 279 3508 est
298 3456 385 3510 civilis
401 3459 523 3527 questio.
543 3459 571 3513 fn
587 3459 655 3514 harrc
673 3461 804 3530 speciesa
822 3463 957 3518 rhetorica

170 3545 310 3600 venientes
335 3547 410 3615 quasi
437 3549 559 3617 quaedam
575 3549 668 3606 formae
686 3555 793 3622 capiunt
808 3555 859 3609 sibi
874 3565 957 3610 unate-

167 3643 247 3702 rinm‚
274 3650 302 3694 et
329 3640 425 3709 triplici
448 3639 617 3698 informatam
633 3652 725 3699 terrent
748 3645 869 3714 hguram,
885 3648 955 3717 quod

167 3729 301 3799 posterius
315 3729 438 3800 liquebit,
453 3733 580 3787 utcivilis
594 3737 716 3804 quaestio,
736 3752 797 3806 qun·
813 3737 902 3792 adhuc
916 3739 956 3792 iu·

167 3819 262 3876 hrrnuit
276 3822 422 3877 secundum
438 3824 541 3894 species
554 3835 622 3892 erat,
640 3826 686 3881 fiat
700 3825 810 3898 accepto
831 3830 883 3883 iine
897 3832 955 3884 uoi-

167 3912 264 3983 cnique
287 3917 437 3983 specierum
463 3915 603 3972 rhetorice
627 3918 758 3986 subjecta.
784 3919 819 3975 Ut
832 3919 954 3976 informis

165 4004 253 4060 adbuc
274 4005 361 4061 citili's
378 4006 490 4074 quaestio
508 4023 569 4063 curn
587 4010 723 4079 acceperit
741 4026 775 4065 ex
788 4010 908 4079 iudiciali
923 4013 953 4066 ii·

165 4110 227 4150 nem
237 4095 315 4165 justi,
332 4095 377 4150 fiat
391 4099 447 4168 ipsa
457 4099 547 4155 civilis
557 4101 670 4171 questio
682 4101 708 4155 in
719 4101 838 4173 judiciali
854 4114 955 4173 genere

163 4189 319 4243 constituta.
335 4188 402 4244 Gonu
415 4206 480 4246 vcro
491 4207 525 4247 et
536 4193 712 4249 deliberativo
727 4198 872 4266 sumpserit
886 4198 951 4253 utile

162 4281 205 4335 vel
221 4281 372 4346 honestant,
392 4292 455 4339 tuuc
468 4285 513 4340 fiet
537 4286 594 4355 ipsa
610 4287 698 4341 civilis
712 4289 826 4356 questio
840 4289 866 4343 in
882 4290 951 4344 deli-

162 4371 283 4429 berativo
298 4388 438 4430 causarum
452 4391 551 4446 genere
564 4379 719 4433 constituta.
733 4379 760 4433 Si
774 4395 840 4434 vero
850 4396 884 4436 ex
904 4381 950 4436 de·

162 4467 357 4521 monstratione
371 4469 516 4537 sumpserit
539 4469 650 4532 bouum,
667 4479 721 4523 turn
738 4471 765 4524 ftt
781 4472 950 4525 demonstra·

1011 3288 1064 3341 quo
1089 3274 1244 3329 adversario
1273 3277 1366 3329 utitur.
1384 3276 1447 3331 lianc
1463 3278 1543 3346 igitur
1565 3280 1701 3335 rhetorica
1716 3284 1802 3336 ontio

1010 3365 1090 3420 babet
1105 3378 1195 3436 partes
1210 3381 1260 3421 sex
1278 3385 1283 3419 :
1301 3368 1477 3436 prooemiunt,
1493 3370 1563 3439 quod
1584 3372 1727 3426 etordinm
1747 3383 1799 3439 est,

1009 3459 1200 3522 ttorratlouem,
1212 3457 1393 3525 partitionem,
1402 3459 1646 3529 confirmationem,
1655 3463 1800 3531 reprehen-

1008 3547 1125 3615 sionem,
1138 3550 1346 3616 perorationem,
1362 3565 1421 3619 que
1445 3561 1507 3603 sunt
1522 3560 1611 3619 partes
1625 3552 1800 3609 instrumenti

1008 3639 1152 3695 rhetorice
1165 3641 1313 3706 facultatis;
1335 3651 1363 3697 et
1376 3647 1501 3714 quonium
1515 3647 1649 3702 rhetorica
1666 3648 1692 3703 in
1707 3650 1798 3704 omni-

1007 3730 1058 3787 hus
1068 3732 1124 3787 suis
1139 3733 1281 3801 speciebus
1293 3735 1373 3799 iucst,
1388 3737 1411 3791 ei
1428 3736 1488 3791 dem
1501 3740 1618 3792 inerunt.
1640 3739 1692 3793 Nec
1707 3742 1798 3809 potius

1006 3824 1115 3880 inerunt
1128 3841 1207 3895 quam
1222 3826 1323 3883 eisdem
1338 3842 1370 3883 ea
1394 3843 1454 3898 quse
1478 3839 1609 3899 peragunt
1626 3830 1797 3885 atrotnistra·

1006 3916 1083 3973 bunt.
1100 3916 1192 3988 itaque
1213 3929 1239 3972 rt
1255 3918 1281 3972 iu
1299 3919 1417 3987 judiciali
1433 3935 1532 3986 genuere
1545 3935 1687 3976 causarum
1703 3936 1798 3978 ιιιιιι-

1004 4010 1092 4065 sarius
1104 4019 1145 4064 ιιι
1164 4011 1230 4065 ordo
1245 4009 1378 4079 prooemii,
1395 4011 1556 4067 narrationis
1579 4021 1659 4082 atque
1680 4024 1797 4067 caetero·

1004 4118 1076 4170 rum,
1092 4112 1120 4158 ιι
1136 4105 1161 4158 iu
1176 4104 1386 4159 demonstrativo
1401 4105 1629 4175 deliberativoque
1640 4106 1797 4161 necessaria

1004 4206 1076 4252 suut.
1089 4195 1162 4265 Opus
1174 4206 1263 4250 autem
1278 4197 1420 4251 rhetorice
1432 4197 1566 4251 facultatis
1577 4205 1617 4250 ιιι
1629 4195 1727 4250 docere
1738 4211 1796 4251 mo

1003 4304 1130 4356 vereque,
1155 4286 1227 4357 quod
1250 4288 1423 4342 nihilominus
1444 4288 1528 4341 isdeur
1549 4287 1606 4342 fere
1625 4300 1674 4341 sex
1692 4288 1796 4342 instru-

1003 4383 1111 4445 mentis,
1125 4382 1154 4436 id
1165 4391 1206 4436 est
1215 4382 1344 4436 orationis
1358 4380 1488 4448 partibus,
1501 4380 1715 4434 administratur.
1730 4380 1795 4435 Par·

1003 4483 1043 4528 tes
1054 4484 1143 4529 autetn
1156 4472 1307 4539 rhetorice,
1321 4473 1445 4543 quoniam
1456 4481 1547 4543 partes
1561 4480 1634 4527 sunt
1646 4471 1792 4538 facultatis,

161 4557 214 4611 tiva
236 4556 322 4612 civilis
341 4559 465 4628 quaestio.
490 4559 605 4614 Veniunt
619 4569 707 4615 antem
722 4571 750 4615 ut
762 4563 787 4615 iu
808 4564 947 4617 materiam
961 4545 989 4604 D
1002 4570 1067 4634 ipse
1090 4579 1197 4635 quoque
1212 4577 1274 4619 sunt
1295 4564 1444 4618 facultates.
1460 4563 1591 4630 Quocirca
1606 4563 1673 4632 ipse
1687 4578 1794 4632 quoquc

160 4647 307 4716 s‘peciesex
328 4649 473 4716 rhetorica,
500 4650 601 4706 idcirco
615 4652 686 4722 quod
701 4652 818 4708 aliter-iu
837 4657 947 4710 materia

135 4750 207 4796 ›sun
232 4741 357 4810 qualibet
378 4742 496 4813 'facultas
511 4759 563 4797 non
587 4752 676 4812 potest
689 4746 807 4812 operari.
823 4761 902 4815 quoru
925 4749 947 4801 si

158 4849 221 4889 suas
236 4834 360 4889 adhibeat
374 4844 474 4904 partes.
499 4834 662 4890 Absentibus
678 4835 748 4890 cuim
767 4838 873 4891 cunctis
886 4852 948 4907 par-

157 4924 230 4979 tibus
240 4925 297 4980 suis
311 4924 444 4979 rhetorica
455 4939 560 4994 quoque
573 4926 629 4995 ipsa
643 4935 684 4980 est
694 4926 801 4981 absens.
814 4928 865 4983 Sed
882 4943 949 4998 quo·

157 5019 229 5071 triam
253 5015 288 5071 de
302 5015 444 5085 speciebus
459 5016 560 5070 dictum
584 5025 627 5071 est
655 5016 806 5082 rintoricn,
821 5020 947 5087 quoniam

157 5118 220 5162 suut
231 5122 328 5178 genera
341 5121 492 5171 causarum,
509 5107 546 5160 ita
564 5116 639 5173 sunt,
651 5115 681 5160 ut
695 5107 813 5161 omnium
828 5108 948 5177 negotio·

152 5208 216 5255 'rum
233 5215 292 5271 quac
304 5199 330 5255 in
346 5199 419 5255 civili
432 5202 582 5271 quaestione
594 5200 737 5255 constituta
750 5210 821 5267 suut,
836 5212 947 5272 accepto
975 5254 980 5263 ,

156 5296 212 5349 line
235 5293 311 5363 justi,
327 5293 453 5363 judiciale
478 5293 511 5347 sit
526 5307 636 5364 genus:
659 5294 778 5347 omnium
805 5309 869 5350 vero
883 5309 944 5365 quae
979 5311 982 5316 ·

156 5386 301 5439 constituta
316 5394 378 5439 suut
393 5384 422 5439 in
434 5380 505 5439 civili
516 5385 673 5455 quaestione,
684 5384 825 5440 honestum
840 5386 882 5440 rei
895 5387 945 5439 uti·

157 5477 209 5532 lem
232 5476 312 5533 fiodo
335 5488 475 5546 ceperunt,
498 5477 703 5534 deliberativum
717 5478 863 5557 sitgenus3
887 5495 945 5534 om-

157 5568 232 5623 nium
253 5583 360 5640 qnoque
379 5585 441 5639 quae
454 5570 481 5624 iu
503 5569 575 5624 civili
593 5570 742 5639 quaestione
756 5571 842 5640 posita
862 5563 952 5626 finem*

158 5657 262 5713 sonesti
279 5667 380 5714 tanturn
396 5660 493 5715 bonive
508 5671 690 5730 sumpserunt,
704 5662 740 5716 sit
755 5661 943 5718 demonstrati·

159 5769 220 5809 vum
238 5769 334 5826 genos.
355 5754 407 5811 Sed
421 5755 454 5811 de
468 5755 509 5811 hia
524 5756 661 5812 hacteuus.
679 5757 754 5814 Nunc
770 5758 804 5815 dc
821 5759 941 5828 partibus

1001 4657 1129 4712 orationis
1146 4656 1266 4726 partibus
1285 4655 1361 4724 quasi
1376 4655 1561 4709 instrumentis
1574 4663 1683 4707 utentur
1697 4656 1723 4708 iu
1736 4669 1791 4723 par·

1001 4759 1066 4816 tern,
1083 4757 1211 4819 atqueut
1224 4749 1265 4801 his
1285 4757 1438 4817 operentur,
1455 4747 1558 4801 esdem
1574 4747 1665 4803 iuuerit.
1686 4746 1752 4801 Nam
1767 4747 1794 4801 in

1000 4840 1119 4895 exordiis
1135 4839 1185 4892 uisi
1197 4840 1314 4907 quinque
1325 4839 1379 4891 siut
1392 4836 1525 4905 praedicta.
1535 4828 1686 4890 rhetoricae
1693 4846 1791 4904 partes,

1001 4941 1030 4984 ut
1041 4931 1168 4996 inveniat,
1184 4930 1320 5000 disponat,
1336 4927 1662 4996 eloquatur,memiuerit,
1676 4941 1794 4996 pronun·

1000 5025 1059 5085 tiet,
1079 5023 1146 5077 niisil
1157 5024 1210 5093 ugit
1223 5032 1325 5078 orator.
1343 5021 1443 5092 Eodem
1460 5035 1568 5090 quoque
1589 5020 1714 5074 modoet
1730 5021 1793 5074 reli·

998 5131 1059 5184 qnae
1074 5115 1131 5170 fere
1145 5124 1234 5183 partes
1248 5113 1419 5169 instrumenti
1431 5113 1480 5165 nisi
1497 5111 1613 5166 habeant
1625 5126 1723 5166 oannes
1734 5113 1793 5165 rhe-

999 5208 1091 5262 toricae
1108 5217 1207 5276 partes,
1231 5205 1328 5260 frustra
1344 5215 1416 5258 suut.
1443 5202 1527 5272 iirrjus
1542 5212 1632 5257 autent
1658 5202 1793 5257 facultatis

998 5297 1110 5353 effector
1124 5306 1217 5352 orator
1226 5304 1280 5360 est,
1293 5295 1368 5364 cujus
1382 5304 1423 5349 ιιι
1434 5293 1553 5349 officium
1566 5292 1657 5347 dicere
1671 5294 1793 5365 apposite

998 5389 1031 5444 nd
1047 5387 1258 5458 persuasionem.
1286 5387 1360 5441 finis
1386 5395 1473 5441 autem
1491 5397 1545 5439 tum
1568 5386 1593 5439 in
1610 5386 1680 5454 ipso,
1697 5396 1753 5439 tuna
1766 5386 1792 5438 in

998 5482 1097 5537 altero.
1120 5480 1148 5535 iu
1171 5479 1230 5549 ipso
1246 5478 1352 5547 quidem
1370 5477 1437 5533 bene
1458 5478 1570 5538 dixisse,
1587 5477 1612 5530 id
1635 5486 1678 5532 est
1692 5478 1792 5533 ditism

997 5571 1117 5641 apposite
1128 5570 1161 5624 ad
1177 5552 1376 5640 persuasionem
1389 5584 1397 5633 ;
1414 5570 1440 5622 in
1456 5569 1543 5622 alteru
1559 5583 1622 5621 vero
1637 5572 1792 5637 persuasis·

996 5677 1036 5719 ιι.
1053 5663 1142 5732 Neque
1158 5663 1229 5718 enim
1244 5662 1333 5731 siqua
1359 5661 1505 5729 impediunt
1522 5652 1656 5715 oratorem
1671 5676 1727 5730 qno
1740 5661 1790 5714 etti·

996 5772 1047 5813 nus
1061 5756 1228 5825 persuadeat,
1242 5754 1329 5810 officio
1338 5754 1416 5821 facto,
1431 5754 1789 5819 frtrisnonestcousecutas,
