3946 6186
113 282 219 346 uuo.
396 335 398 338 .
558 275 754 337 roetcunun
772 271 994 332 nntsrurmts
1014 271 1300 331 tnrenunurnno.
1609 231 1613 237 ’
1691 272 1745 331 ιιι

113 411 207 462 ιιιειε,
225 396 248 453 ει
260 402 351 452 autem
365 403 407 452 εει
419 392 535 450 bamune
549 391 699 464 proprium,
713 406 766 448 non
780 390 832 445 erit
844 403 903 444 car·
918 391 1015 454 nens,
1033 401 1094 442 cum
1118 389 1255 457 contingat
1270 387 1387 457 putentia
1402 403 1456 448 non
1481 387 1536 445 enti
1562 389 1660 446 inesse.
1685 390 1745 447 Erit

114 488 192 542 lionis
208 487 347 558 pmprium
362 499 453 539 urere.
468 482 640 539 construenti
659 490 749 537 autem
766 480 809 534 iric
830 479 905 534 locus
955 481 1026 535 enim
1043 479 1178 548 proprium
1194 479 1263 549 quod
1279 481 1393 548 positum
1404 491 1444 536 εει
1459 495 1510 537 non
1521 495 1582 537 csse
1597 484 1744 554 proprium,

114 590 168 631 non
186 586 228 632 est
241 575 327 640 utilis,
349 573 438 630 didert
449 582 539 627 autem
552 571 622 641 quod
635 581 676 626 εει
691 585 723 626 ει
739 568 907 624 similiterse
957 568 1057 639 uuqnia
1072 569 1118 639 qui
1132 567 1275 636 assignarit
1293 571 1440 639 proprium,
1453 571 1524 626 eritis
1538 572 1665 641 possibile
1679 573 1745 643 pati,
1840 624 1877 647 .,
1932 622 1940 637 ,

115 666 293 732 labentibus,
309 665 392 720 abeo
410 664 480 732 quud
496 679 526 718 ea
542 663 574 716 ιιε
595 671 634 716 εει
655 677 714 731 qnae
730 661 852 716 similiter
866 659 906 713 in·
957 672 1002 715 ant
1018 662 1104 717 iacere
1115 661 1235 730 putentia
1249 661 1389 732 assignans
1404 664 1558 732 proprium,
1571 663 1603 717 ad
1618 679 1666 719 ens
1680 665 1747 718 assi·

100 767 188 825 -sunt,
202 757 328 828 quoniam
343 755 410 810 iliud
420 753 527 822 quidem
541 752 687 807 secundum
706 753 905 820 propensionem
957 751 1048 820 gnavit
1060 754 1195 820 proprium
1212 750 1291 821 (nam
1306 766 1366 806 eum
1379 766 1428 807 ειιε
1439 761 1497 818 εει,
1512 764 1540 808 ει
1554 754 1680 822 possibile
1693 755 1747 824 pati

114 849 230 903 sumitur
245 861 297 900 non
323 847 349 900 iu
372 842 489 914 eoquod
504 842 573 897 inest
597 841 698 912 aliquid
713 852 906 913 comparatum,
957 841 1030 911 qnid,
1046 850 1092 896 aut
1107 841 1195 897 lacere
1207 841 1281 911 erit),
1292 856 1376 912 quare
1388 845 1523 912 proprium
1538 846 1589 897 erit
1601 845 1671 900 entis
1685 860 1748 913 pos·

115 937 166 992 buc
176 947 264 1009 autem
274 950 306 991 ει
314 934 423 1003 eoquod
437 932 518 1000 inest,
528 931 607 987 alicui
616 940 795 999 comparatur.
807 929 908 987 betnda
957 931 1035 985 sibile
1048 931 1101 1000 pati
1113 928 1194 1000 quid,
1218 939 1264 983 aut
1288 930 1388 985 lacere.
1408 928 1509 985 Deinde
1524 930 1670 987 destruenti
1688 936 1747 1002 qui·

50 1014 52 1018 ¹
114 1026 264 1083 destruenti
276 1024 405 1095 quidem,
428 1023 451 1079 si
465 1021 582 1094 potentia
597 1019 735 1091 pmprium
756 1020 906 1090 assignans,
958 1021 1034 1086 dent,
1062 1019 1086 1075 ει
1111 1034 1161 1090 per
1178 1018 1454 1091 superabundantiam
1484 1021 1572 1088 posuit
1597 1024 1745 1090 proprium.

113 1129 141 1172 et
154 1132 206 1172 nnn
219 1114 253 1170 ad
267 1129 314 1171 cns
329 1114 475 1184 assignavit
485 1112 623 1184 proprium
636 1112 767 1182 potentia,
782 1125 844 1167 cum
854 1125 908 1167 nun
958 1106 1017 1166 lion
1029 1112 1082 1167 erit
1102 1111 1175 1188 enirn
1187 1111 1324 1181 proprium
1345 1111 1416 1180 qnod
1432 1110 1545 1178 positum
1562 1120 1750 1179 estessepm·
1786 1125 1788 1128 ⁴

113 1207 251 1270 continuat
276 1207 300 1262 ei
316 1206 435 1277 potentia
452 1207 541 1261 inesse
560 1218 622 1260 cnm
637 1217 686 1260 ens
705 1212 827 1261 nonest.
847 1202 908 1260 ilon
959 1203 1058 1273 prium,
1072 1202 1172 1259 accidit
1183 1202 1254 1261 euim
1266 1203 1306 1260 sic
1316 1202 1514 1273 assignantibus
1535 1203 1644 1273 propriu
1656 1222 1684 1267 u,
1697 1218 1750 1257 non

114 1300 186 1356 enim
197 1298 401 1370 eritpruprium
417 1296 488 1366 quod
500 1296 617 1367 positum
631 1304 743 1352 estesse
757 1296 908 1367 proprium,
958 1292 994 1349 de
1009 1294 1223 1374 qnooratiunem
1242 1303 1269 1349 ει
1282 1307 1381 1348 nomen
1394 1291 1537 1358 ueriircari,
1549 1307 1611 1347 nant
1623 1300 1750 1362 corrupta

112 1389 215 1460 utquia
225 1388 271 1457 qui
286 1388 353 1442 dixit
366 1387 439 1443 aeris
453 1388 590 1458 proprium
604 1384 774 1456 respirabile,
788 1385 909 1456 potentia
938 1434 941 1436 ,
959 1399 1005 1449 re,
1032 1383 1101 1439 nibil
1115 1386 1204 1441 minus
1216 1387 1267 1440 erit
1283 1386 1386 1451 oratio,
1409 1398 1471 1439 nant
1488 1397 1582 1439 eorum
1600 1397 1661 1452 que
1675 1390 1749 1448 sunt,

113 1480 221 1551 quidum
237 1478 383 1549 aequavit
398 1478 535 1548 proprium
551 1483 627 1547 (nam
650 1478 704 1534 tale
727 1480 864 1549 proprium
880 1486 911 1534 ut
960 1473 1040 1528 atteui
1061 1476 1177 1530 maxime
1192 1474 1278 1541 inest,
1295 1487 1325 1530 ut
1347 1474 1369 1529 si
1386 1475 1446 1544 quis
1464 1471 1582 1543 assignet
1600 1472 1669 1543 ignis
1685 1488 1751 1544 pru·

113 1570 241 1640 respirari
256 1570 350 1635 possit,
363 1567 520 1638 respirabile
531 1568 602 1639 εει),
616 1567 762 1638 assignavit
778 1576 867 1623 autent
882 1576 910 1625 et
960 1565 1059 1635 prium,
1069 1579 1168 1635 corpus
1182 1566 1365 1628 latissimum,
1379 1573 1507 1633 corrupto
1517 1565 1588 1619 enirn
1603 1565 1680 1633 igne,
1699 1563 1753 1619 eris

114 1661 149 1715 ad
161 1675 214 1715 nun
227 1674 289 1716 esse
303 1660 452 1730 proprium,
470 1675 531 1713 nam
545 1667 574 1715 ει
594 1673 654 1714 ειιιιι
678 1673 730 1712 non
745 1665 787 1714 est
809 1658 907 1714 animal
948 1656 1070 1724 aliquod
1080 1671 1223 1727 corporum
1238 1656 1310 1726 quod
1324 1656 1491 1712 leuissimum
1516 1655 1578 1720 erit,
1599 1671 1683 1726 quare
1697 1671 1751 1711 ιιοιι

115 1748 186 1818 quod
200 1748 303 1819 spirare
318 1757 410 1803 uatum
428 1763 459 1805 es
473 1763 551 1814 aere,
574 1747 706 1817 coniungit
731 1762 820 1804 acrem
835 1763 907 1814 esse,
923 1737 1093 1821 Beritiqnts
1107 1749 1257 1820 proprium,
1273 1763 1372 1819 corpus
1389 1748 1566 1802 leuissimum.
1578 1746 1749 1802 Construenti

114 1855 168 1896 nun
184 1847 273 1895 ιειιιειι
287 1854 348 1895 curn
358 1854 411 1895 nun
425 1850 466 1895 εει
480 1839 591 1908 ιιιιιιιιι,
605 1838 731 1909 possibile
740 1848 782 1893 est
793 1838 907 1908 spirare,
959 1849 1062 1905 autem,
1074 1840 1097 1896 si
1107 1855 1215 1911 nunper
1225 1839 1591 1909 superabundantiampnsuit
1602 1839 1751 1908 proprium.

114 1920 200 2002 quare
216 1945 302 1999 neque
317 1930 388 1985 aeris
401 1929 452 1986 erit
462 1931 597 1999 proprium
615 1928 766 1998 uujnsnrodi
782 1928 908 1998 possibile
962 1930 1022 1985 Erit
1035 1931 1106 1985 enim
1128 1931 1276 1987 secundum
1299 1931 1350 1985 boe
1364 1931 1433 1986 bene
1459 1931 1573 2000 positum
1597 1931 1748 2000 proprium,

114 2021 241 2089 respirari
254 2032 331 2086 tunc,
344 2020 406 2089 quia
421 2019 520 2074 animai
536 2036 588 2077 nun
604 2018 739 2090 reliquari
758 2022 811 2074 talc
826 2028 868 2074 εει
880 2030 909 2075 ut
960 2019 1061 2090 utquia
1073 2021 1118 2089 qui
1135 2019 1348 2090 pusnitbumlnis
1363 2021 1497 2090 proprium
1514 2022 1611 2074 urrinnai
1624 2035 1747 2076 mansue·

114 2113 248 2181 respirare
259 2113 355 2182 possit,
369 2127 424 2167 nun
438 2127 503 2183 erqo
517 2113 569 2169 erit
583 2112 654 2167 acris
670 2111 806 2182 proprium
819 2113 905 2182 respi·
961 2118 1016 2165 tum
1043 2123 1154 2177 natura,
1179 2127 1231 2167 non
1255 2112 1497 2182 superabundantia
1522 2113 1667 2183 assignavit
1691 2128 1753 2185 pro·

113 2202 209 2257 rabiie.
224 2200 396 2258 Construenti
412 2211 512 2269 autern,
529 2203 551 2256 si
568 2203 687 2271 potentia
702 2202 840 2269 assignans
849 2217 909 2267 pro·
961 2202 1062 2270 prium,
1073 2205 1125 2258 erit
1142 2203 1233 2275 utique
1248 2204 1396 2269 secundum
1412 2203 1463 2260 boe
1477 2206 1545 2259 bene
1556 2207 1672 2275 posItum
1687 2219 1751 2275 pru·

111 2292 215 2365 prium,
230 2300 283 2348 tam
300 2291 390 2349 adens
404 2293 551 2363 assignavit
566 2295 703 2363 pnqerlum
715 2309 795 2364 qnam
808 2294 840 2347 ud
855 2310 907 2347 nnn
963 2294 1061 2361 prium.

706 2440 873 2587 brnen
907 2503 1156 2588 snxuus.

851 2660 1013 2676 m

373 2760 485 2818 CAPUT
508 2761 637 2816 Pililillil
959 2777 1037 2818 seura
1050 2765 1273 2836 interpretatione
1284 2769 1334 2822 uti.
1348 2767 1462 2836 Oportet
1483 2773 1554 2825 enlm
1577 2771 1749 2830 definientem

363 2850 473 2905 ueteete
490 2850 658 2919 definitionis.
959 2854 1005 2925 (ut
1017 2855 1165 2926 contingit)
1188 2872 1268 2926 qnam
1280 2856 1431 2914 clarissima
1457 2860 1679 2929 interpretatione
1701 2864 1752 2929 uti,
1812 2919 1817 2925 ,

150 2942 213 3011 liius
227 2950 315 2995 autern
329 2941 401 3010 quud
413 2948 455 2996 εει
466 2939 539 2995 eirca
561 2940 692 2995 terminus
710 2938 825 3009 negotii,
845 2954 908 3007 par·
958 2956 991 2998 eu
1005 2943 1076 3012 qnod
1089 2945 1267 3013 cognoscendi
1279 2947 1366 3015 qratia
1386 2947 1537 3016 assignatur
1548 2948 1679 3004 delinitio.
1697 2949 1750 3003 Se-

113 3040 154 3086 ιεε
173 3029 373 3100 suntquinque.
394 3029 461 3084 Num
476 3037 521 3084 aut
533 3029 605 3099 quod
618 3029 729 3084 umerinu
739 3045 792 3086 non
808 3045 940 3125 omnine
956 3033 1041 3089 cunda
1054 3043 1142 3089 autem
1157 3034 1180 3089 si
1190 3035 1383 3103 ampliusdisit
1399 3036 1425 3092 ιιι
1439 3037 1594 3095 delinitione
1604 3054 1684 3111 qnam
1696 3055 1744 3107 pue

112 3123 254 3177 cstdicere
268 3121 368 3190 dequo
382 3135 480 3175 numen
495 3131 521 3174 et
539 3121 689 3175 orationem
703 3121 819 3190 (oportet
830 3121 901 3177 enim
957 3126 1003 3188 ειι,
1018 3140 1078 3179 nam
1093 3141 1172 3181 omne
1186 3126 1257 3197 quud
1276 3129 1491 3200 superadjectum
1511 3140 1553 3187 est
1567 3131 1592 3187 in
1612 3130 1748 3199 delinitio·

114 3213 232 3267 liuidinis
247 3213 430 3268 delinitionem
444 3210 477 3266 de
488 3212 561 3265 urrini
573 3212 680 3266 bomine
693 3212 847 3282 verificari),
859 3222 906 3267 aut
955 3229 1005 3279 nc,
1019 3215 1183 3286 supctssuum
1197 3226 1249 3273 εει.

111 3302 254 3372 quodcum
267 3303 393 3372 sitgenus
407 3317 460 3356 nun
477 3300 565 3370 posuit
578 3301 604 3354 in
618 3315 735 3371 genere,
752 3299 794 3355 uei
808 3316 862 3356 non
877 3303 903 3355 in
1269 3309 1380 3365 untur
1405 3310 1437 3366 tl.
1466 3363 1469 3369 .

113 3393 316 3449 accommodato
330 3409 430 3463 penore
450 3393 539 3464 posuit
554 3393 673 3462 (oportet
688 3394 759 3448 enim
775 3408 836 3448 eum
859 3392 905 3464 qni
1187 3396 1225 3452 De
1237 3399 1385 3466 delinitione
1399 3399 1516 3459 luciani.

113 3486 207 3540 dederit
229 3485 256 3540 in
278 3499 378 3554 genere
401 3491 545 3555 ponentem
562 3483 729 3539 differentias
748 3482 904 3553 adjungere,
991 3485 1095 3543 Rursus
1108 3496 1197 3545 autem
1212 3497 1355 3560 utrumque
1372 3492 1444 3562 quud
1462 3493 1636 3562 dictumest,
1656 3497 1682 3551 ιιι
1695 3499 1753 3567 pln-

116 3592 175 3630 nam
190 3577 306 3632 maxime
316 3591 409 3632 eurum
424 3591 485 3647 quae
507 3583 571 3630 sunt
586 3578 623 3633 ,in
636 3574 808 3640 delinitione,
820 3591 905 3646 gertus
956 3589 1001 3630 res
1012 3584 1101 3646 partes
1115 3571 1254 3646 diuiditur,
1269 3594 1338 3636 uuus
1351 3591 1441 3637 autem
1454 3581 1530 3639 loeus
1543 3583 1602 3655 ejus
1616 3587 1687 3655 qnod
1703 3588 1753 3642 nb·

115 3667 220 3721 videtur
228 3666 331 3723 deliniti
341 3663 762 3736 substantiamsignidenrei,aut
771 3666 841 3735 quud
852 3682 904 3722 non
955 3677 1035 3720 scure
1048 3676 1102 3734 est,
1123 3670 1145 3723 ει
1157 3667 1193 3724 ειι
1205 3670 1372 3739 aeqttiuucum
1385 3671 1477 3737 alicui,
1492 3672 1565 3741 quod
1586 3674 1686 3730 dictum
1699 3687 1753 3734 εει.

113 3755 222 3826 propria
234 3764 276 3809 εει
288 3755 409 3810 delinitio
424 3754 542 3825 (oportet
555 3755 629 3810 enirn
644 3755 754 3809 detlniti-
768 3770 829 3810 nem
844 3771 906 3828 pru-
959 3755 1070 3826 thuud
1085 3760 1223 3828 generatio
1233 3768 1277 3816 est
1288 3760 1379 3817 ductio
1389 3761 1421 3816 ad
1434 3763 1626 3832 substantiam,
1642 3773 1670 3822 et
1682 3768 1752 3837 quud
1784 3744 1786 3748 ¹

114 3845 200 3914 priam
211 3859 281 3909 ε-εε,
296 3842 521 3911 quemadmodum
535 3843 608 3913 prins
619 3843 721 3899 dictum
737 3845 801 3914 est),
815 3855 862 3900 aut
883 3846 906 3901 ει
959 3851 1061 3903 sanitas
1073 3851 1302 3905 commensuratio
1314 3852 1463 3906 calidorum
1476 3861 1505 3907 ει
1515 3855 1753 3926 trigidorummam

115 3934 205 3988 omnia
219 3947 278 4001 qun
293 3931 362 3986 dicta
375 3939 438 3987 sunt
451 3935 474 3985 is
488 3931 534 4002 qui
551 3931 693 3996 iecit,'nun
704 3934 836 4002 delinivit,
860 3951 907 3991 ne·
958 3940 1096 4008 aequivoca
1110 3947 1153 3994 est
1171 3939 1279 4002 duello,
1293 3949 1321 3994 et
1334 3943 1576 4009 commensurati03
1601 3944 1753 4002 immanite-

117 4037 170 4093 que
184 4022 324 4090 dixitqunt
338 4029 454 4100 estesse
476 4021 516 4076 rel
539 4020 657 4088 delinito,
671 4024 805 4094 reliquum
819 4035 907 4080 autern
959 4037 1029 4084 ειιιιιι
1045 4028 1229 4098 igiturutrum
1243 4028 1300 4082 unit
1310 4028 1401 4084 dicere
1414 4043 1508 4084 eorum
1521 4046 1580 4101 quaa
1599 4036 1755 4106 sternuente-

116 4120 333 4182 praetereaquae
354 4109 424 4164 dicta
447 4121 527 4177 sunt,
550 4110 574 4166 si
589 4110 710 4168 deliniris
730 4113 857 4183 quidem,
881 4123 910 4169 at
960 4115 1104 4179 turabeu,
1120 4115 1512 4187 quudmultipiicitcrdicitun;
1528 4121 1753 4184 similiterantum

116 4219 169 4261 non
186 4202 400 4260 benedeiiuiuit.
425 4201 549 4270 Siiqitur
569 4205 788 4259 nunrerllicatur
808 4204 909 4275 dequo
960 4209 1023 4263 etsi
1040 4223 1101 4263 eunt
1122 4206 1263 4264 delinitum
1289 4209 1473 4281 multipliciter
1496 4212 1604 4279 dicitur,
1632 4217 1754 4278 disidens

117 4310 215 4352 nomen
229 4303 256 4349 et
274 4294 379 4358 oratio,
394 4306 429 4348 ει
445 4308 478 4349 us
492 4307 553 4362 quc
567 4292 638 4350 ducta
657 4304 720 4350 ιιιιιι
732 4311 759 4350 ιιι
772 4295 910 4353 accidente
962 4315 1016 4356 nun
1040 4299 1116 4369 dixit,
1142 4315 1203 4356 nam
1225 4302 1433 4360 immanifestum
1462 4305 1548 4362 utrius
1571 4308 1754 4369 deluitiouem

118 4387 184 4441 Ιοειε
198 4383 434 4440 considerandum.
458 4383 525 4437 Nam
540 4392 568 4439 et
586 4384 640 4439 illic
654 4393 742 4439 utrurn
757 4401 850 4442 nerum
864 4387 908 4442 uel
921 4411 949 4474 D
962 4391 1121 4461 assignarit,
1131 4391 1313 4463 contingitque
1324 4394 1480 4450 calumniari
1492 4396 1565 4453 reiut
1578 4414 1631 4454 non
1656 4416 1754 4457 cunse-

117 4492 170 4532 nun
180 4489 282 4540 terum,
289 4474 562 4530 omnisconsideratio
573 4474 618 4530 dt
613 4476 739 4545 ,quando
750 4478 821 4533 enim
834 4478 907 4548 quud
960 4483 1051 4537 niente
1064 4483 1188 4538 oratione
1201 4483 1336 4539 adomnia
1349 4499 1465 4554 quorum
1478 4484 1662 4546 delinitionem
1684 4494 1755 4549 assi·
1777 4501 1783 4513 ·

118 4568 187 4622 inest
201 4566 325 4622 accidens
335 4565 517 4634 disputamus,
534 4565 604 4636 quud
619 4581 711 4621 uerum
727 4575 770 4622 est
781 4567 906 4634 ιιιειιιιιιε,
957 4571 1061 4641 quasit.
1075 4570 1286 4628 iiasimeauleut
1299 4574 1430 4645 cunetnqtt
1443 4575 1495 4632 talu
1503 4577 1639 4648 quidpiam
1650 4579 1752 4648 iacere,

117 4658 224 4729 qnando
234 4666 322 4712 autem
337 4661 407 4726 quod
424 4671 477 4711 nun
491 4657 579 4719 inest,
595 4656 666 4724 qnod
679 4671 731 4711 nun
743 4672 845 4714 serum.
859 4658 907 4717 Str
959 4676 1021 4716 cunr
1041 4661 1108 4717 latet
1125 4662 1312 4731 aequiuucatio.
1328 4663 1467 4736 (ἓοιιιιιιιςιι
1486 4668 1567 4723 ειιειιι
1581 4679 1609 4725 ει
1632 4685 1692 4728 eutn
1706 4675 1751 4742 qrd

117 4763 183 4801 uero
196 4761 248 4802 nun
264 4746 291 4801 in
308 4747 511 4801 accommodato
526 4758 626 4815 genere
641 4747 742 4814 posuit,
759 4756 805 4803 aut
818 4748 840 4802 ει
853 4764 906 4804 non
960 4748 1071 4814 diuidit,
1086 4750 1191 4819 quoties
1204 4750 1302 4807 dicitur
1326 4752 1353 4808 id
1369 4755 1441 4822 quod
1463 4757 1490 4811 in
1509 4757 1665 4817 delinitione
1683 4761 1770 4819 assi?

14 4848 17 4853 ·
45 4872 51 4881 ·
118 4838 225 4907 propria
239 4846 281 4892 est
293 4837 426 4909 assignata
438 4837 536 4901 oratio,
550 4852 582 4890 ει
595 4836 628 4890 ils
643 4838 687 4906 qui
699 4845 762 4892 sunt
774 4838 808 4893 ad
823 4852 907 4909 genus
960 4850 1069 4912 gnatum
1093 4850 1153 4910 εει,
1168 4841 1351 4915 syllogismum
1365 4844 1472 4913 lacem
1497 4865 1558 4905 narn
1570 4853 1592 4908 ει
1604 4856 1753 4912 secundnm

118 4938 145 4981 ει
156 4926 292 4995 proprium
305 4927 385 4982 dictis
399 4926 481 4991 lucis
504 4926 733 4996 prospiciendum.
764 4926 906 5003 lieliqnum
959 4932 1062 4987 nultum
1076 4932 1565 5006 modorumsuillcicnterdictumest,
1579 4943 1751 5001 manifestum

118 5030 182 5070 uero
194 5031 216 5070 ει
232 5029 286 5071 non
301 5015 434 5080 duiintnt
450 5024 497 5069 aut
513 5032 535 5071 ει
553 5032 606 5073 non
627 5017 696 5072 ιιειιε
707 5017 844 5086 ιιειιιιιιιι
859 5019 908 5073 ali·
959 5019 1032 5092 qnod
1044 5035 1098 5076 uun
1111 5021 1300 5080 delinierrttllo
1313 5026 1404 5082 modo
1421 5029 1496 5085 ditus
1508 5031 1754 5090 sesecundutnnte-

117 5107 171 5171 ‘qttu
183 5103 265 5158 modo
279 5105 486 5173 aggrediendum
497 5105 597 5159 dicere
624 5105 740 5162 Primum
763 5108 844 5179 igitur
864 5109 907 5163 in·
960 5109 1101 5181 tapbomm
1126 5112 1210 5181 dixit,
1234 5124 1264 5171 ut
1285 5116 1424 5173 scientiam
1446 5120 1626 5186 indeciduam,
1653 5133 1754 5199 terram

110 5217 115 5240 ι
183 5196 282 5249 endum
303 5209 326 5249 ει
342 5209 395 5248 non
411 5195 478 5248 bene
492 5195 624 5249 dcilmnt
651 5195 717 5250 Num
744 5197 849 5254 incultus
866 5207 909 5255 εει
960 5213 1049 5260 autem
1070 5204 1219 5273 nutricem,
1239 5214 1287 5262 ant
1312 5212 1512 5281 temperantiam
1538 5219 1754 5283 consonanti,am

116 5279 257 5338 odliltet
273 5283 378 5348 lucisne,
393 5297 472 5353 quam
500 5283 569 5338 bene
595 5283 710 5350 iecisse,
737 5288 908 5344 manilestum
961 5311 1023 5353 nem
1041 5299 1296 5366 emneobseumm,
1320 5302 1550 5371 qnodseenndtnn
1567 5311 1752 5377 ntemplturam

117 5376 333 5446 igiturquoniam
348 5388 486 5444 peccatum
506 5377 578 5432 cirea
604 5379 656 5433 boc
680 5380 851 5449 plusculum,
874 5397 908 5439 eu
960 5385 1072 5449 dicitur,
1087 5387 1217 5457 conunqrt
1229 5396 1257 5444 ει
1275 5391 1355 5444 ctiam
1371 5392 1525 5461 metaplrum
1539 5395 1691 5467 loquentem
1708 5413 1754 5456 ca·
1769 5431 1772 5438 ·

117 5466 188 5534 qnod
209 5465 378 5521 laboriosius
399 5465 487 5535 Quare
505 5469 703 5537 argumentatio
720 5469 827 5525 lacilior
849 5486 910 5541 quaa
962 5474 1103 5540 lumniari,
1120 5483 1245 5546 tanquam
1261 5492 1314 5533 non
1329 5481 1435 5550 propere
1449 5482 1593 5553 dueentem
1611 5503 1664 5541 nnn
1679 5489 1752 5546 cutm

117 5557 188 5611 eirea
200 5555 252 5610 itoc
266 5569 346 5625 quam
360 5571 419 5624 quae
433 5559 504 5612 circu
518 5556 581 5612 iliud
597 5558 638 5613 iit.
663 5558 738 5615 Sunt
751 5569 840 5617 autem
851 5563 910 5632 elus
961 5574 1091 5635 congruet
1103 5564 1173 5620 dicta
1186 5566 1319 5637 delinitio,
1334 5570 1384 5624 ut'
1377 5586 1405 5624 ιιι
1417 5576 1603 5644 temperantia,
1618 5590 1679 5632 nant
1690 5594 1751 5635 orn·

115 5645 188 5718 qurud
205 5662 258 5701 non
275 5653 317 5700 est
339 5646 426 5705 liene.
443 5658 532 5717 partes
554 5649 624 5706 duae.
650 5650 706 5708 ilua
721 5651 839 5723 quidem,
862 5656 897 5713 ob
961 5658 1003 5716 uis
1016 5660 1190 5715 consonantia
1205 5661 1325 5718 insonis.
1352 5664 1485 5735 Amplius,
1505 5670 1527 5722 si
1539 5678 1579 5724 est
1590 5685 1674 5741 qenins
1687 5686 1753 5731 cou-
1815 5696 1819 5703 ·

218 5760 353 5823 Panos.
379 5760 490 5824 lxlv.
1515 5780 1551 5840 31
