3946 6186
105 375 110 384 ‚
160 315 209 372 roi
289 322 295 335 ·
773 309 827 365 nu.
848 306 1174 370 aistetensem
1672 268 1679 277 ¹
1730 314 1781 371 aaa

161 430 355 506 propositiones
373 431 478 501 quidem
499 432 525 484 in
545 430 634 500 aliqua
647 430 729 494 laiss,
751 424 887 484 conclusio
902 441 948 479 au·
962 425 988 482 tt
1001 441 1059 482 cunt
1078 429 1115 484 sit
1132 445 1149 484 o
1167 429 1371 500 antemissas
1393 447 1517 502 inagnum
1542 449 1574 488 er
1602 434 1780 497 necessitato,

161 537 215 584 tem
229 539 303 581 vera.
324 523 452 611 Sirrtiliter
468 530 555 575 autem
568 529 596 576 et
610 521 667 575 lraec
678 520 785 591 qvtidem
799 526 853 574 tota
869 518 946 584 laisa,
999 526 1099 575 etennt
1111 521 1212 577 nonsit
1226 538 1242 575 ε
1254 520 1354 589 albiam,
1377 525 1392 577 ι
1406 538 1466 579 εεεε
1480 538 1603 592 magnum
1619 538 1651 578 ex
1666 525 1784 578 necessi-

160 617 205 671 iila
219 630 283 670 vera
300 624 352 668 tota
365 628 426 668 vera
442 620 557 681 sumpta.
580 611 709 667 Possiltile
724 621 765 665 est
778 610 848 664 enim
863 626 879 661 o
893 608 947 663 ctd
995 616 1073 674 tate3
1096 611 1202 682 artando
1222 615 1368 668 enimcum
1384 613 1434 670 lroc
1452 615 1487 669 sit
1513 615 1552 684 lut
1567 617 1593 685 o)
1604 614 1706 679 alltutn,
1720 615 1785 669 illud

88 753 96 768 .
160 721 241 761 omne
256 723 268 759 c
282 706 369 775 saqvti,
386 715 413 759 ct
431 704 538 759 oaileui
554 706 632 758 iana
652 705 749 768 inesse,
763 711 791 757 ut
810 700 908 755 animal
922 708 948 754 et

161 796 250 851 album
264 810 343 850 omne
356 811 469 864 mgnum
490 796 619 865 seqvtitur,
635 805 662 849 et
676 793 774 847 animal
795 808 850 847 noa
876 791 947 847 ontni

143 948 147 955 .
162 891 232 944 inest
251 890 326 953 allto;
340 888 435 958 positis
455 889 533 958 igitur
547 886 587 941 itis
608 886 742 953 terminis,
763 887 787 940 si
801 882 948 940 sumaturlr

162 980 269 1047 attidem
285 981 333 1046 toti
347 996 359 1030 c
375 979 501 1044 inesses
517 993 581 1033 vera
595 977 641 1032 toti
656 993 707 1032 nott
724 977 822 1042 inesse,
838 973 949 1043 oequi-

162 1068 223 1125 dem
239 1069 353 1124 latuerit
368 1083 442 1134 vera,
457 1085 473 1123 o
487 1084 501 1121 c
514 1078 601 1124 autem
618 1075 672 1122 tota
686 1066 762 1130 falsa,
774 1074 802 1121 et
813 1063 950 1120 cottelusio

163 1175 236 1215 vera.
261 1158 390 1216 Similiter
413 1173 503 1214 autem
526 1170 553 1215 et
575 1160 597 1214 si
620 1158 666 1214 ic
687 1157 794 1229 quidem
818 1157 951 1222 talsa,oc

163 1257 252 1310 εειεεε
268 1264 345 1313 vera,
362 1264 422 1302 nam
439 1249 466 1302 lvi
481 1247 589 1317 quidem
604 1248 711 1303 termini
733 1246 766 1301 ad
781 1246 949 1301 demonstra-

164 1341 280 1406 tionem,
306 1342 427 1410 nigram,
454 1341 641 1405 inanimatum,
664 1353 773 1409 cygnus.
799 1336 851 1392 Sed
875 1345 903 1392 ει
927 1335 949 1388 si

164 1439 283 1502 atraque
293 1443 462 1487 assumantur
471 1431 639 1497 affirmative,
649 1430 714 1486 niltil
724 1431 794 1485 enim
806 1425 950 1499 monitori

165 1520 271 1589 nuidetn
285 1533 364 1575 omne
378 1522 488 1590 esequi,
504 1536 520 1573 ε
535 1529 623 1575 autem
642 1520 690 1574 toti
704 1536 718 1573 c
732 1534 786 1573 non
809 1519 908 1582 inesse,
923 1524 951 1572 ει

164 1610 269 1665 εεΙίεεί
283 1599 408 1677 linesse,
422 1620 450 1672 ut
462 1611 534 1666 omni
548 1627 633 1683 cygno
647 1611 757 1678 animal,
770 1611 873 1678 nigrum
887 1624 952 1665 vero

165 1701 228 1757 rtttili
242 1716 340 1772 cygno,
355 1712 383 1757 ει
395 1703 499 1770 nigrum
521 1704 590 1757 inest
604 1700 683 1756 alit-ui
697 1700 819 1754 animali:
833 1712 917 1766 quare
928 1699 950 1753 si

163 1803 285 1847 sumatur
298 1809 314 1844 o
328 1799 356 1848 et
370 1790 385 1845 d
397 1793 495 1847 omnic
512 1792 610 1859 inesse,
627 1792 666 1846 ic
678 1792 785 1861 quidem
807 1799 863 1845 tota
875 1778 950 1856 vcr'a,
965 1786 991 1849 B

165 1892 323 1938 arautem
339 1892 392 1938 tota
418 1883 494 1947 laisa,
514 1895 540 1938 et
565 1881 696 1939 crinclusio
725 1898 798 1938 vera.
825 1882 952 1938 Similiter

166 1983 255 2029 sutem
269 1982 293 2028 et
307 1984 464 2044 resumpta
479 1989 553 2041 vcra,
567 1989 628 2029 uam
641 1989 689 2042 per
701 1974 810 2028 eosdem
825 1973 953 2028 terminos

166 2063 369 2121 demonstratio.
394 2065 510 2122 liursum
535 2066 586 2121 hae
606 2064 714 2134 quidem
734 2073 790 2119 tata
812 2079 875 2120 vera
897 2066 954 2120 exi·

166 2166 264 2222 ateste,
279 2158 324 2213 illa
337 2172 400 2214 vere
413 2150 442 2213 'in
463 2159 554 2229 aliquo
568 2155 646 2228 tusa,
661 2156 788 2227 possibile
800 2166 841 2212 cst
853 2157 924 2212 euim
940 2157 954 2211 d

167 2247 274 2318 naidem
285 2249 358 2304 amni
372 2251 521 2314 einesse,o
536 2257 623 2303 autem
635 2247 711 2303 alicui
724 2263 736 2300 c
749 2255 777 2302 et
795 2247 872 2300 alicui
888 2247 913 2312 i,
926 2255 956 2301 ut

168 2337 244 2408 bipes
258 2339 364 2409 quidem
384 2341 456 2395 omni
470 2338 583 2403 homini,
602 2338 740 2408 pulchrum
761 2353 813 2392 nou
827 2336 911 2403 omni,
928 2345 956 2391 ct

167 2427 309 2499 pnlelvrmn
330 2431 412 2484 alicui
428 2429 515 2499 alpem
531 2431 608 2485 inest.
620 2428 648 2485 st
663 2443 728 2500 ergo
741 2412 861 2484 sumatur
874 2444 891 2480 o
903 2425 955 2482 eti

170 2518 217 2573 toti
232 2535 245 2572 o
258 2518 355 2582 inesse,
370 2518 384 2569 d
398 2534 411 2570 c
423 2518 531 2587 quidem
547 2527 600 2571 tota
615 2533 691 2583 vera,
706 2534 723 2570 o
736 2532 750 2569 c
763 2527 851 2573 autem
866 2516 892 2570 in
908 2515 956 2570 all-

168 2622 222 2678 εει
235 2607 311 2673 laisa,
326 2611 463 2664 cotrclusio
477 2618 566 2664 autem
582 2624 655 2665 aera.
683 2611 814 2666 Similiter
825 2617 915 2665 autem
929 2618 957 2665 ει

169 2697 331 2768 ooquidem
344 2713 417 2764 vera,
433 2698 448 2751 lv
463 2708 578 2754 cautem
599 2700 666 2755 laisa
684 2701 710 2755 in
732 2700 821 2770 aliquo
840 2709 955 2770 sumpta,

171 2789 340 2859 transpositis
351 2790 422 2845 enim
435 2789 537 2845 eisdem
552 2791 672 2845 terminis
690 2791 742 2846 erit
753 2790 956 2845 demonstratio.

172 2881 205 2936 st
217 2896 277 2938 cnm
292 2881 349 2937 haec
365 2881 471 2952 quidem
487 2890 529 2938 est
545 2883 684 2951 privativa,
700 2883 743 2937 llla
758 2898 822 2937 vera
841 2881 958 2936 aldema-

171 2972 240 3041 tira,
252 2974 377 3044 quioniam
399 2971 527 3044 possibile
541 2982 582 3028 εει
597 2975 611 3027 ι
627 2974 733 3044 nitidem
757 2975 805 3029 toti
826 2991 839 3027 c
859 2974 958 3039 inesse,

171 3077 289 3122 sautem
304 3067 386 3123 alicui
396 3084 419 3133 c,
434 3078 460 3123 et
472 3070 578 3138 quando
588 3069 626 3122 sie
639 3082 669 3125 se
680 3067 807 3134 lrabeant,
820 3079 871 3121 tion
885 3067 958 3120 orani

83 3171 86 3177 ’
172 3156 187 3209 lt
202 3158 290 3214 insse
302 3176 328 3212 a.
341 3159 369 3214 Si
383 3174 448 3229 ergo
460 3171 610 3217 assumatur
622 3158 755 3230 equidem
770 3156 816 3211 toti
831 3174 844 3209 c
859 3143 995 3223 messal}

172 3260 291 3305 aetutem
307 3251 382 3314 nulii,
401 3251 529 3320 privativa
550 3249 658 3321 quidem
684 3251 710 3304 in
726 3248 816 3316 aliquo
829 3247 907 3308 laisa,
921 3248 960 3300 al-

151 3376 154 3381 ·
173 3347 229 3394 tera
244 3351 332 3395 autern
349 3351 403 3395 tata
417 3356 491 3406 reru,
504 3350 530 3396 et
543 3341 680 3396 conclusio
692 3341 742 3395 erit
757 3351 830 3391 vcra.
844 3335 959 3390 Rursum

173 3429 298 3495 epitonium
329 3440 465 3484 ostensum
482 3440 524 3484 cst
546 3430 616 3500 maed
635 3445 696 3483 cum
716 3427 851 3497 oqvtidem
870 3427 961 3481 nullia

175 3520 254 3586 istest,
269 3521 321 3576 eid
337 3520 426 3589 alicui,
443 3522 562 3576 evenito
577 3521 686 3575 alicuid
702 3537 753 3574 non
778 3521 875 3583 inesse,
903 3534 961 3573 ma·

175 3614 300 3671 nili-stum
322 3616 402 3684 igitur
415 3616 540 3685 quoniam
557 3625 583 3669 et
603 3629 692 3667 cumo
714 3629 727 3665 c
750 3620 804 3667 tota
824 3621 865 3666 est
887 3625 960 3674 vera,

175 3707 321 3763 icautem
345 3707 370 3761 in
394 3706 483 3777 aliquo
508 3706 584 3784 lalsa,
610 3705 740 3775 contingit
762 3704 961 3759 conclusionem

175 3811 236 3853 csse
260 3813 368 3865 veram;
390 3799 413 3853 si
436 3798 507 3855 enim
533 3795 804 3868 sumaturnquidcm
830 3796 894 3850 nulli
911 3794 962 3858 ει

175 3899 264 3945 autem
284 3872 374 3957 omui,
384 3907 400 3944 s
417 3890 549 3961 equidem
567 3900 620 3945 tota
646 3904 721 3956 vera,
747 3889 761 3942 d
786 3904 799 3942 c
822 3896 910 3942 autem
937 3887 962 3940 in

175 3977 265 4050 aliquo
281 3979 356 4036 laisa.
384 3981 552 4036 Manifestum
569 3992 657 4035 autem
673 3989 701 4035 et
714 3981 743 4035 in
756 3977 964 4050 particularibus

155 4062 158 4067 ’
175 4074 337 4149 syllogismis
355 4076 479 4145 quoniam
506 4075 615 4130 omnino
637 4089 684 4143 por
697 4068 766 4128 'laisa
788 4072 839 4127 crit
858 4085 962 4137 return,

169 4168 237 4239 'nam
253 4164 332 4219 iidem
352 4163 458 4220 termini
479 4166 612 4230 sumundi,
633 4175 658 4218 et
673 4163 779 4234 quando
800 4163 966 4218 universales

171 4252 277 4312 nterim
299 4256 505 4326 propositiones,
528 4258 554 4311 in
570 4257 748 4326 praedicativis
768 4256 874 4326 quidem
899 4268 967 4322 pra·

177 4346 297 4412 dicativi,
320 4349 346 4402 in
371 4348 507 4418 privativis
530 4358 620 4403 autern
644 4347 781 4416 privativi;
803 4345 869 4398 niltil
893 4344 964 4398 euim

178 4438 275 4504 differt,
285 4455 346 4496 curn
360 4442 424 4497 nulli
437 4443 533 4508 inerat,
545 4440 730 4496 universaliter·
743 4451 850 4492 sumere
864 4435 963 4502 inesse,

177 4534 204 4580 et
220 4527 243 4581 si
258 4528 336 4582 alicui
351 4530 444 4595 inerat,
461 4530 646 4585 universaliter
667 4542 773 4582 sumere
785 4525 818 4580 ad
835 4524 964 4580 termino·

178 4630 237 4671 rum
261 4619 436 4687 positionem
459 4622 584 4676 similiter
608 4631 697 4674 autem
719 4628 746 4672 ct
764 4617 791 4672 in
817 4615 964 4686 privativis.

179 4706 349 4763 llaniiestum
364 4709 442 4778 igitar
450 4711 520 4778 netad
533 4708 639 4778 quando
647 4706 824 4763 sitconciusio
835 4704 910 4769 laisa,
921 4719 966 4757 aa·

182 4810 257 4851 cesse
271 4809 311 4852 est
323 4814 354 4852 ea
367 4814 399 4853 ex
414 4800 512 4869 quibus
528 4810 569 4855 εει
581 4797 747 4854 oratio'lalsa
762 4811 834 4861 esse,
850 4805 895 4848 aut
908 4807 966 4849 nm·

180 4891 236 4956 nia,
250 4900 295 4945 aut
307 4892 409 4961 aliqua3
426 4892 533 4961 quando
547 4901 634 4946 autem
646 4906 720 4954 vers,
735 4904 788 4943 tion
801 4902 912 4942 necesse
925 4898 966 4942 est

180 4994 271 5035 verum
284 4995 344 5035 csse
359 4997 407 5035 uec
423 4979 529 5047 aliquod
545 4980 664 5049 atridem,
682 4993 731 5032 nec
745 4992 836 5030 amne.

214 5091 268 5149 Sed
280 5102 322 5149 εει
336 5108 395 5148 cum
408 5092 509 5146 mtllum
522 5093 555 5145 sit
579 5105 671 5145 verum
687 5103 778 5143 eorum
791 5101 849 5157 qnae
862 5095 925 5140 sunt
939 5087 965 5142 in

179 5185 355 5256 syllogismis,
374 5199 401 5239 et
421 5183 620 5239 conclusionem
638 5181 762 5236 similiter
781 5194 840 5235 esse
862 5194 963 5246 veram,

179 5289 232 5331 nan
255 5286 342 5330 tamen
367 5291 400 5332 ex
427 5275 596 5329 necesitate.
619 5273 704 5326 Causa
729 5280 816 5326 autam
839 5271 963 5341 quarriam

179 5380 240 5422 cunt
253 5366 305 5420 dun
320 5369 358 5421 sic
372 5381 401 5421 se
420 5367 521 5421 lrabeat
542 5365 574 5418 ad
592 5364 716 5428 insiccrn,
735 5372 763 5417 nt
777 5378 837 5416 cum
853 5364 965 5416 alarum

179 5459 229 5524 sit,
244 5473 275 5512 ει
293 5459 451 5513 necessitate
472 5474 532 5513 csse
554 5458 676 5518 alterum,
702 5455 752 5509 irae
773 5469 833 5509 curn
856 5470 907 5507 non
932 5453 967 5507 sit

179 5549 296 5618 attidem,
311 5564 361 5602 nac
380 5551 492 5604 alteram
507 5550 575 5611 ct·it;
592 5564 652 5601 euru
674 5556 764 5601 autern
781 5547 824 5608 sit,
842 5560 894 5597 nou
921 5557 967 5597 ne·

180 5653 255 5693 cesse
269 5647 383 5693 estesse
398 5641 527 5703 alterum;
544 5641 612 5694 idem
628 5650 716 5692 atatam
731 5652 791 5690 eum
807 5635 856 5701 sit,
873 5645 899 5687 ct
914 5647 965 5685 nan

179 5728 224 5792 ⁵¹¹·
239 5722 401 5794 impossmtte
416 5748 446 5797 cr
461 5730 619 5787 necessitate
630 5743 688 5801 csse
701 5726 853 5784 idemtllico
866 5734 963 5787 autem,

998 716 1109 758 ascetae
1128 713 1169 758 εει
1190 704 1230 772 (ut
1243 704 1268 774 ι)
1292 719 1353 761 εεεε
1375 721 1510 771 magnum,
1530 715 1701 760 comantem
1722 706 1785 759 sitlr

999 807 1134 862 magnum,
1148 809 1162 847 e
1175 809 1228 849 non
1242 810 1302 850 esse
1315 796 1416 864 alitum,
1431 809 1541 851 trecesse
1555 802 1606 857 est,
1620 795 1642 849 si
1657 813 1674 848 a
1693 804 1728 848 stt
1748 795 1786 849 al-

999 884 1073 953 ban,
1088 901 1103 939 c
1117 901 1170 942 non
1184 901 1244 943 esse
1256 886 1356 942 alltum.
1374 887 1407 942 Et
1420 885 1528 954 qnando
1541 886 1646 942 duobus
1666 887 1787 941 existen·

999 977 1088 1046 silas,
1109 992 1169 1034 eum
1189 979 1302 1035 alterum
1319 980 1369 1047 sit,
1391 992 1501 1034 εεεεεεε
1521 988 1560 1033 εει
1578 978 1693 1040 alteram
1713 993 1785 1043 esse,

1000 1067 1052 1123 lma
1066 1076 1155 1123 εειεει
1166 1082 1226 1123 carn
1240 1083 1294 1123 aaa
1305 1052 1356 1137 sit]
1369 1081 1480 1124 εεεεεεε
1491 1076 1560 1123 esto
1575 1082 1626 1121 non
1638 1080 1710 1128 esse,
1723 1081 1785 1119 cum

999 1172 1063 1228 erpo
1079 1158 1159 1215 laon
1181 1157 1217 1213 sit
1238 1172 1405 1229 magnumst
1422 1173 1476 1214 nort
1497 1165 1586 1228 potest
1605 1156 1693 1210 album
1713 1168 1783 1219 esse,

1000 1262 1061 1303 eum
1078 1264 1142 1304 vera
1162 1265 1179 1302 o
1197 1264 1249 1304 non
1267 1252 1303 1305 sit
1322 1250 1424 1316 album,
1444 1263 1555 1306 necesse
1571 1257 1613 1303 est
1629 1246 1645 1300 ι
1661 1260 1785 1313 marytrum

1001 1350 1074 1402 esse,
1088 1337 1185 1393 amitiit
1201 1353 1235 1392 ex
1249 1338 1481 1396 necessitatemve
1500 1337 1515 1390 ι
1535 1350 1658 1405 nvagnmn
1673 1349 1726 1388 non
1739 1334 1786 1399 sit,

1002 1427 1073 1485 idam
1092 1429 1106 1483 ι
1122 1443 1182 1485 εεεε
1197 1443 1322 1500 magnum
1335 1446 1342 1482 z
1355 1428 1408 1487 lroc
1424 1438 1512 1484 autern
1530 1425 1706 1496 impossihile,
1726 1438 1787 1476 nam

1001 1521 1308 1591 siiaonestmagoum,
1319 1537 1336 1576 a
1347 1535 1400 1576 non
1411 1517 1563 1575 eritalbum
1574 1531 1607 1571 ex
1617 1514 1789 1578 necessitate

1005 1611 1028 1666 si
1040 1626 1105 1682 erpo
1116 1625 1177 1666 cum
1189 1626 1241 1667 nan
1255 1611 1291 1666 sit
1304 1610 1431 1678 oalbnta,
1445 1608 1459 1662 i
1474 1609 1526 1663 crit
1535 1619 1671 1675 magnum,
1683 1603 1788 1668 accidit,

1003 1702 1026 1758 si
1037 1703 1053 1757 ι
1066 1717 1118 1757 non
1128 1709 1170 1756 est
1187 1700 1349 1771 magnumst
1360 1712 1421 1755 esse
1435 1710 1571 1767 magnum,
1588 1702 1617 1748 ut
1631 1707 1679 1762 per
1693 1693 1754 1745 tria.

1315 1804 1428 1863 cnvdt
1446 1804 1478 1870 Y.

1112 1903 1147 1956 lle
1163 1899 1286 1955 circulari
1297 1899 1439 1954 oneratione
1454 1897 1482 1951 t'rt
1494 1895 1578 1968 prr'rrtn
1590 1893 1672 1964 dystro
1720 1920 1725 1930 ·

1040 2015 1146 2069 tlirculo
1172 2025 1279 2079 autem,
1302 2021 1329 2068 et
1349 2027 1382 2067 es
1400 1994 1433 2065 sc
1452 2010 1565 2064 invicem
1584 2004 1729 2060 ostendere
1751 2014 1790 2059 est

1005 2120 1054 2178 per
1064 2105 1275 2170 conclusionem,
1295 2112 1323 2159 et
1347 2114 1504 2158 econverso
1526 2097 1740 2168 predicationem
1755 2095 1790 2149 al·

1005 2202 1089 2249 teram
1100 2203 1250 2250 sumentem
1262 2187 1643 2262 propositionemcoucludere
1653 2186 1791 2255 reliquam,

1004 2299 1084 2357 quam
1097 2292 1249 2352 sumpserat
1261 2282 1288 2336 in
1298 2282 1385 2336 altero
1398 2278 1564 2350 syllogismo,
1584 2284 1613 2330 at
1631 2275 1653 2329 si
1676 2274 1791 2343 oportuit

1005 2373 1148 2431 ostendere
1162 2373 1288 2443 quoidam
1310 2387 1327 2424 o
1347 2371 1417 2426 inest
1440 2367 1514 2424 omni
1536 2382 1559 2433 c,
1571 2365 1791 2422 estendatautcm

1006 2478 1053 2535 per
1062 2481 1085 2529 c,
1095 2477 1186 2519 rursus
1196 2461 1219 2518 sl
1233 2471 1363 2517 monstret
1375 2460 1502 2529 quoniam
1516 2472 1532 2511 o
1544 2457 1612 2511 inest
1622 2457 1646 2521 l,
1659 2468 1793 2511 sumenso

1006 2554 1112 2626 quidem
1124 2555 1213 2608 inesse
1222 2569 1247 2618 c,
1258 2568 1272 2606 e
1283 2562 1371 2607 autem
1383 2550 1408 2616 ι,
1422 2558 1448 2605 ει
1461 2565 1478 2603 n
1497 2548 1577 2604 inerit
1586 2546 1611 2612 d,
1621 2547 1696 2617 prius
1706 2555 1794 2602 autem

1007 2656 1164 2701 econverso
1175 2643 1289 2712 sumpsit
1300 2641 1315 2696 i
1327 2641 1416 2696 inesse
1426 2656 1450 2705 a,
1462 2647 1509 2694 aut
1522 2638 1545 2694 si
1556 2637 1681 2709 quoniam
1701 2638 1715 2690 t
1726 2638 1795 2692 inest

1007 2752 1039 2801 c,
1056 2741 1180 2804 oporteat
1197 2731 1345 2788 estendere
1364 2730 1386 2784 si
1407 2735 1530 2784 sumata
1553 2727 1586 2784 ds
1606 2743 1641 2793 c,
1664 2742 1724 2797 quae
1746 2727 1797 2782 luit

1007 2824 1158 2890 conclusio,
1176 2826 1189 2876 tr
1204 2831 1293 2879 autern
1304 2821 1339 2878 de
1355 2834 1454 2886 nesse,
1467 2812 1541 2890 priui
1555 2828 1643 2874 autem
1661 2829 1796 2890 sumptum

1008 2922 1083 2970 estc
1103 2927 1233 2969 courerso
1252 2928 1268 2966 o
1289 2912 1323 2967 de
1335 2910 1360 2965 d.
1384 2910 1471 2965 aliter
1491 2925 1556 2964 tero
1578 2924 1633 2965 nan
1656 2918 1698 2965 εει
1715 2924 1749 2966 es
1767 2922 1798 2966 se

1009 3005 1122 3060 invicem
1134 3005 1287 3070 estendere,
1303 3003 1360 3060 sivo
1370 3004 1442 3059 enirn
1452 3002 1525 3057 aliud
1535 3000 1653 3057 madium
1666 3013 1797 3068 sumetur,

1012 3111 1065 3152 non
1075 3097 1187 3162 circulo,
1200 3097 1236 3151 nli
1246 3096 1316 3151 enim
1327 3096 1441 3149 sumitur
1451 3093 1619 3160 eorumdem,
1632 3094 1689 3148 sire
1702 3093 1797 3148 harum

1011 3188 1152 3258 quiddam,
1168 3200 1278 3241 necesse
1293 3193 1334 3239 εει
1348 3182 1460 3237 alterum
1476 3181 1573 3248 solum,
1591 3183 1690 3236 namsi
1706 3183 1797 3251 ambo,

1010 3278 1105 3334 eadem
1136 3280 1187 3330 erit
1217 3274 1371 3337 conclusio,
1392 3276 1422 3326 ἐι
1442 3279 1549 3342 oportet
1570 3267 1702 3328 diversam
1725 3287 1795 3329 esse.

1011 3370 1040 3430 lu
1058 3369 1091 3424 iis
1107 3368 1187 3434 igitur
1213 3381 1272 3435 oue
1300 3379 1352 3420 nou
1375 3374 1567 3418 convertuntur
1593 3378 1624 3419 ει
1657 3362 1797 3418 indemon-

1010 3468 1096 3514 strata
1107 3457 1189 3511 altera
1206 3456 1386 3525 propositione
1403 3456 1432 3508 lit
1449 3453 1630 3524 syllogismus,
1651 3468 1703 3508 uun
1724 3454 1797 3509 enim

1011 3556 1053 3605 est
1063 3547 1247 3604 demonstrare
1264 3559 1313 3615 per
1335 3545 1383 3598 ltos
1403 3543 1547 3609 terminos,
1566 3544 1689 3613 quoniam
1710 3543 1799 3598 medlo

1012 3639 1082 3694 inest
1099 3637 1217 3702 tertium,
1233 3647 1279 3689 aut
1297 3636 1383 3705 primo
1402 3635 1530 3691 medium.
1549 3634 1577 3689 ln
1591 3635 1623 3688 iis
1635 3643 1723 3689 autern
1737 3649 1800 3703 qrtae

1012 3737 1213 3793 corrnertuntur,
1227 3729 1278 3782 erit
1291 3728 1380 3781 amnia
1402 3737 1551 3782 trronstrare
1570 3742 1616 3796 per
1632 3729 1797 3794 seinvicem,

1014 3829 1041 3873 nt
1057 3819 1078 3872 si
1089 3835 1115 3882 o,
1128 3826 1155 3871 ct
1166 3817 1228 3881 d,et
1243 3825 1461 3871 econvertuntur
1479 3816 1530 3870 silvi
1553 3816 1669 3872 invicem
1684 3833 1692 3873 ι
1707 3831 1799 3872 osten-

1014 3911 1092 3965 datnr
1106 3910 1176 3965 enim
1195 3927 1210 3963 o
1230 3926 1243 3962 ε
1263 3924 1310 3978 per
1330 3909 1446 3963 medium
1467 3910 1499 3972 i,
1519 3916 1546 3963 ει
1558 3924 1662 3965 rrrrsum
1686 3910 1733 3963 oi
1753 3925 1800 3979 per

1014 4002 1227 4066 conclusionem,
1241 4010 1268 4055 et
1286 4015 1333 4070 per
1351 4000 1390 4053 lic
1403 4000 1609 4068 propositionem
1620 4015 1777 4056 conversam
1792 4020 1799 4066 ;

1014 4094 1139 4150 similiter
1160 4103 1249 4148 autem
1267 4102 1294 4147 ct
1313 4093 1365 4158 lac,
1385 4104 1409 4146 ει
1423 4091 1690 4160 pereonotustenem.
1710 4101 1737 4145 et
1750 4108 1799 4160 per

1015 4189 1055 4241 oi
1068 4187 1277 4257 propositionem
1290 4197 1463 4248 conversam3
1487 4189 1592 4250 oportet
1605 4193 1693 4235 autem
1707 4189 1734 4234 ει
1744 4197 1758 4233 c
1770 4183 1796 4246 d,

1014 4276 1069 4329 eti
1085 4292 1101 4326 o
1120 4274 1330 4343 propositionem
1341 4272 1532 4336 demonstrare.
1544 4282 1607 4323 nam
1625 4269 1666 4323 liis
1686 4268 1797 4324 demon·

1016 4363 1108 4417 stratis
1123 4363 1161 4415 usi
1178 4376 1270 4417 sumus
1280 4363 1355 4416 solis.
1377 4362 1404 4418 Si
1420 4374 1482 4431 crya
1496 4367 1616 4415 sumatur
1626 4361 1639 4413 i
1650 4361 1721 4414 omni
1733 4376 1747 4413 c
1759 4361 1799 4414 in·

979 4466 1087 4541 Dessc,
1108 4459 1136 4507 et
1154 4469 1167 4505 c
1186 4453 1258 4506 ontni
1272 4469 1297 4516 n,
1319 4452 1487 4523 syllogismus
1507 4451 1559 4506 erit
1576 4449 1715 4522 eiusquad
1736 4453 1801 4505 estl

1017 4540 1050 4595 ad
1061 4558 1089 4594 ε.
1103 4541 1205 4595 Rursus
1215 4542 1237 4595 si
1249 4552 1368 4595 sumatur
1382 4541 1477 4594 conani
1491 4557 1505 4592 n
1516 4539 1615 4605 inesse,
1627 4548 1653 4603 et
1665 4542 1762 4593 notarri
1774 4541 1800 4605 d,

1019 4616 1181 4689 accesserat
1193 4649 1207 4685 c
1221 4632 1308 4685 inesse
1320 4631 1392 4685 outtti
1403 4631 1429 4683 i.
1451 4629 1479 4684 ln
1500 4629 1619 4697 atrisque
1639 4643 1702 4699 ergo
1722 4629 1801 4696 syllo-

1017 4726 1134 4795 gismisr
1149 4723 1321 4793 aprapesitio
1336 4730 1440 4790 sumpta
1450 4732 1492 4776 est
1508 4720 1729 4784 indemonstrata,
1741 4734 1802 4773 itam

1017 4814 1080 4869 alias
1100 4815 1220 4882 probatae
1241 4822 1336 4868 crant:
1351 4826 1433 4878 auare
1455 4811 1477 4865 si
1502 4813 1571 4865 hatte
1594 4811 1801 4874 ostenderimus,

1018 4918 1111 4959 omncs
1139 4912 1219 4957 errant
1242 4903 1395 4972 approbatae
1420 4915 1468 4968 per
1489 4914 1519 4954 se
1543 4901 1670 4962 invicem;
1696 4901 1717 4953 si
1740 4915 1803 4968 ergo

1019 5004 1139 5051 sumatur
1152 4995 1249 5050 comni
1264 4995 1288 5062 lt,
1306 5004 1333 5048 et
1346 4994 1360 5046 i
1373 4995 1444 5048 amni
1459 5010 1474 5045 n
1489 4995 1588 5059 inesse,
1605 5002 1723 5060 utraeque
1745 5006 1804 5058 pre·

1019 5087 1166 5154 positiones
1180 5087 1369 5141 demonstrata
1391 5079 1541 5151 sumuntur,
1563 5096 1618 5140 etc
1640 5099 1751 5139 necesse
1763 5095 1805 5137 est

1018 5178 1106 5231 inesse
1119 5193 1145 5228 a.
1170 5174 1338 5231 lianiicstum
1353 5187 1392 5230 est
1413 5192 1476 5246 erga
1497 5177 1622 5245 quoniam
1642 5177 1752 5229 insulis
1773 5174 1806 5230 lis

1017 5275 1293 5338 ortmcanvertontur,
1309 5266 1449 5321 circuloet
1466 5281 1511 5333 per
1527 5263 1683 5318 seinvicem
1699 5264 1807 5317 contin·

1019 5363 1053 5432 pit
1067 5360 1121 5415 lteri
1136 5359 1386 5425 demonstrationes,
1398 5359 1495 5412 insilis
1508 5373 1571 5413 veru
1581 5356 1804 5427 quemadmodum

1019 5453 1093 5518 prins
1105 5450 1229 5504 dirimas.
1256 5449 1358 5502 decidit
1372 5458 1460 5502 autem
1476 5455 1502 5502 ct
1524 5448 1550 5500 ia
1572 5448 1605 5502 iis
1624 5447 1718 5502 codem
1734 5447 1806 5516 arrad

1019 5553 1182 5599 rtrtmstratur
1202 5543 1239 5596 uti
1259 5541 1291 5594 ad
1315 5540 1588 5605 demonstrationem,
1611 5555 1671 5592 naut
1692 5554 1706 5590 c
1725 5536 1759 5593 de
1780 5542 1807 5598 e,

1018 5647 1045 5690 et
1061 5635 1074 5688 i
1093 5633 1338 5687 daemonstratur
1360 5639 1465 5697 sumptu
1486 5629 1547 5683 cde
1567 5646 1582 5681 o
1604 5630 1673 5692 dici,
1689 5644 1703 5681 c
1718 5640 1806 5682 antem
1875 5670 1879 5677 .

1019 5725 1052 5780 dc
1065 5741 1084 5777 o
1098 5738 1144 5801 per
1159 5721 1205 5778 lias
1218 5717 1367 5776 ostenditur
1380 5716 1589 5801 propositiones:
1600 5734 1683 5788 quare
1698 5719 1807 5774 concla-
