3946 6186
131 307 200 367 1305

626 312 788 371 GlhBERTi
809 306 985 369 PORRETAE
1004 304 1262 364 constabilitis.

1688 302 1757 362 iste

131 429 246 495 fasitate,
274 437 302 484 et
327 432 438 489 omnino
457 448 516 488 stne
532 447 642 488 nutriero
660 447 711 488 una
724 429 852 493 oectrrrit,
868 443 919 497 qun
935 430 957 486 ll
972 439 1005 482 eo
1019 435 1076 491 εει,
1101 438 1206 485 εοιιειει
1227 429 1351 485 similiter
1365 444 1396 484 ex
1414 431 1514 485 moltis.
1535 429 1671 500 Contingit
1686 435 1760 492 enias

135 500 185 570 ipsi
204 499 400 558 dicunturesse
410 504 569 567 substantia,
587 502 698 570 ideoque
714 513 778 554 rere
792 513 852 554 esse
864 513 918 579 tina

131 569 291 625 substantia.
303 571 472 629 Manifestum
487 582 528 628 εει
542 574 622 642 igilur
634 571 704 639 quod
724 569 818 623 horum
837 578 918 622 trrom

131 649 172 695 εει
184 654 235 694 ttna
249 641 397 695 substantia
418 652 531 707 tautum,
549 657 607 707 que
618 639 827 707 Graeeequidem
842 641 919 695 etiarn

132 709 239 776 dicitur,
253 710 346 765 lutitr,¹
361 727 433 774 vero,
446 713 515 765 sieut
532 711 632 765 dietum
647 719 698 774 εει,
711 709 858 763 substantia
874 709 915 763 rel

133 780 324 844 subsistentia,
340 783 390 845 rel,
407 789 434 834 ut
456 781 608 848 expressius
635 780 754 843 dicatur,
778 780 916 833 essentia:

132 851 202 915 quod
216 865 264 904 nee
278 853 396 918 separari
408 851 462 905 ullo
475 851 554 904 tuedo
567 858 614 903 aut
626 849 743 920 disiungi
757 858 855 916 potest,
868 863 918 904 uec

132 923 205 975 reiut
219 922 338 988 partibus
357 921 383 974 iu
404 936 484 974 unum
501 919 643 989 conjuncta
665 928 716 974 εει.
745 918 820 985 Quod
845 920 916 974 euim

132 993 243 1045 essentia
257 989 355 1043 dicitur
369 1004 432 1053 utta,
443 990 625 1059 singularitate
646 1003 692 1046 seu
705 990 868 1059 proprietate
878 990 917 1044 rei

131 1075 190 1128 quar
203 1059 236 1114 de
249 1060 314 1127 ipsis
331 1060 509 1127 praedicatur,
530 1061 732 1132 intelligendum
752 1067 858 1113 estnon
874 1059 916 1115 di·

130 1143 268 1184 versorum
281 1130 391 1194 unione,
408 1146 467 1199 quae
479 1144 552 1196 saepe
561 1131 644 1185 multa
659 1145 739 1184 unum
751 1129 802 1183 dici
814 1130 918 1185 contin·

130 1198 186 1267 git;
202 1200 243 1253 rel
258 1199 447 1255 conformitate
472 1201 572 1270 aliqua,
594 1201 709 1269 qualiter
724 1202 815 1268 plures
831 1200 918 1254 homi·

130 1282 177 1322 nes
192 1269 316 1324 dicuutur
334 1285 402 1325 onus
423 1272 513 1336 horne,
537 1272 662 1341 queniam
677 1272 779 1325 scilicet
802 1271 916 1340 quisuis

130 1339 320 1407 subsistentiis,
333 1356 392 1411 quae
412 1356 426 1394 a
442 1341 639 1396 mathematicis
654 1341 785 1395 nominari
804 1349 917 1411 possunt

130 1406 320 1475 humanitates,
344 1419 406 1466 sunt
419 1411 560 1479 immines,
589 1421 615 1466 et
629 1425 719 1466 earum
731 1411 861 1467 numerali
876 1410 916 1466 di·

130 1480 256 1534 versitate
271 1479 374 1549 plures,
389 1480 545 1536 earumdem
557 1480 743 1537 conformitate
757 1480 871 1547 similes,
886 1489 915 1535 et

971 494 1120 550 subsistens
1134 510 1194 552 esse
1208 499 1331 568 simplex,
1351 500 1429 555 idest
1443 516 1477 555 ex
1491 496 1696 559 subsistentibus
1708 505 1759 560 mi·

970 566 1042 620 nime
1055 580 1115 620 esse
1130 568 1314 637 conjunctum,
1328 583 1387 623 eum
1402 579 1488 626 tamen
1504 570 1564 639 ejus
1577 577 1678 628 essesit
1690 576 1758 631 urui-

969 635 1074 704 tiplexa
1091 646 1119 689 ut
1141 639 1228 692 anima
1241 640 1352 705 simplex
1373 650 1432 703 est,
1460 641 1550 695 multis
1566 650 1655 696 tamen
1669 644 1758 701 solui.

969 705 1075 759 stentiis
1090 706 1188 775 aliquid
1204 718 1256 763 est.
1275 709 1394 777 Qualiter
1416 720 1443 763 et
1456 711 1536 779 aliqui
1561 711 1643 766 Deum
1667 715 1757 770 multi·

970 774 1083 830 formem
1099 777 1254 846 opinantes,
1275 780 1437 848 potentiam,
1453 781 1627 847 sapientiam,
1650 783 1756 838 bonita-

969 853 1035 910 lem,
1051 855 1175 916 tanquam
1190 848 1320 913 diversas,
1333 849 1377 902 uni
1392 850 1506 918 simplici
1524 851 1579 904 Deo
1590 852 1752 924 attribuunt,

966 923 994 969 et
1005 916 1091 984 ipsum
1105 932 1185 971 unum
1200 917 1375 987 eumdemque
1395 919 1476 973 [teum
1492 921 1636 976 seetttrdum
1663 933 1756 987 poten·

968 985 1030 1040 tiam
1044 1001 1102 1041 esse
1117 987 1233 1052 Patrem,
1248 989 1393 1043 seeundum
1407 990 1562 1056 sapientiam
1577 991 1754 1063 essefilium,

967 1057 1115 1111 seeundum
1132 1058 1277 1114 bonitatem
1291 1075 1350 1113 esse
1366 1059 1492 1128 Spiritum
1510 1068 1642 1124 sanctum,
1657 1063 1755 1131 quibus

967 1137 1079 1194 possunt
1092 1129 1183 1183 ritreis
1197 1139 1285 1184 tamen
1300 1143 1353 1184 non
1370 1136 1422 1183 tarn
1436 1130 1600 1199 argumentis
1614 1146 1691 1198 quam
1708 1148 1754 1188 ar-

970 1197 1051 1264 gutiis
1066 1209 1199 1254 asserunt.
1221 1199 1274 1254 flos
1285 1201 1376 1269 itaque
1386 1214 1479 1255 omnes
1491 1201 1607 1255 destruit
1619 1216 1678 1256 eum
1692 1203 1730 1258 ait
1745 1222 1753 1257 :

967 1265 1022 1320 Nee
1033 1269 1149 1336 separari
1161 1269 1216 1323 ullo
1228 1271 1308 1324 modo
1319 1278 1365 1324 aut
1379 1270 1504 1340 distingui
1520 1280 1626 1338 potest,
1642 1271 1686 1326 illa
1701 1287 1754 1328 uua

967 1336 1047 1391 trium
1059 1352 1110 1407 qua
1134 1347 1196 1393 sunt
1221 1340 1355 1405 essentia,
1383 1357 1432 1394 nee
1447 1344 1518 1397 reiut
1538 1357 1571 1396 ex
1592 1341 1711 1409 partibus
1726 1344 1752 1398 itt

967 1419 1048 1460 unuin
1064 1407 1206 1474 coniuncta
1222 1420 1278 1476 est;
1305 1411 1351 1464 sed
1366 1412 1454 1479 potins
1465 1420 1506 1465 est
1521 1427 1571 1467 tuta
1584 1413 1751 1480 simpliciter,

966 1490 1018 1544 qua
1041 1477 1078 1530 illi
1095 1486 1149 1532 tres
1163 1488 1226 1534 sunt
1249 1495 1345 1546 unum,
1359 1489 1387 1535 et
1400 1481 1523 1546 simplex,
1547 1492 1574 1535 ει
1594 1484 1703 1537 omnine
1725 1484 1751 1537 id

129 1546 548 1618 similitudinesuntcoriformes;
563 1552 604 1606 uel
621 1553 783 1620 integritate,
799 1552 914 1619 qualiter
966 1547 1036 1626 quod
1050 1557 1121 1602 sunt.
1141 1548 1199 1602 Non
1212 1550 1283 1604 enirn
1296 1561 1337 1605 εει
1351 1551 1421 1605 alind
1436 1567 1487 1620 quo
1501 1553 1571 1615 siut,
1588 1552 1638 1607 uisi
1653 1552 1696 1606 itta
1711 1556 1752 1608 iu-

130 1631 229 1686 eorptrs
244 1628 272 1674 et
286 1621 373 1676 anima
389 1620 513 1676 dicuntur
527 1636 608 1676 unum
621 1621 729 1687 animal,
744 1636 796 1677 uon
807 1621 913 1689 quidem
966 1615 1073 1670 dividua
1097 1625 1124 1671 et
1149 1619 1262 1690 simplex
1288 1621 1414 1675 essentia.
1449 1623 1494 1676 illa
1509 1631 1597 1676 autern
1618 1622 1652 1677 de
1667 1625 1752 1681 trihus

130 1689 201 1755 quod
216 1689 318 1745 haeqeg
332 1690 429 1758 quibus
442 1691 541 1746 animal
566 1701 685 1756 congrae,
708 1694 761 1748 sini
782 1699 828 1745 aui
855 1705 914 1746 esse
965 1687 1161 1767 communiter,
1177 1699 1204 1743 ει
1219 1689 1341 1756 divisim,
1356 1700 1385 1746 et
1398 1691 1529 1746 collectim
1558 1693 1637 1761 (sicut
1651 1693 1750 1748 dictum

130 1759 341 1825 possinganqmgt
356 1761 501 1832 (nunquam
520 1763 590 1817 enim
611 1773 701 1831 partes
720 1762 832 1820 alicnus
850 1771 913 1815 sunt
965 1756 1017 1823 est)
1034 1756 1202 1823 praedteatur.
1217 1759 1299 1829 igitur
1310 1760 1381 1830 quod
1397 1761 1430 1816 de
1443 1762 1531 1816 diuina
1542 1763 1707 1832 substantia,
1722 1763 1748 1819 id

130 1837 212 1882 asota
228 1829 311 1885 lotura
326 1832 428 1901 totius),
450 1831 497 1886 sed
519 1832 589 1902 quod
600 1833 687 1901 ipsum
701 1778 816 1895 animai,
842 1831 912 1901 quud
966 1836 1008 1879 εει
1023 1827 1057 1880 de
1074 1827 1128 1907 heu
1151 1830 1362 1911 sttbstantialiter
1376 1833 1552 1900 praedicatur,
1568 1833 1593 1885 id
1610 1832 1706 1900 trihus,
1722 1835 1749 1888 id

129 1910 160 1950 et
176 1898 214 1952 eis
225 1910 343 1965 constat,
356 1913 397 1957 est
410 1902 529 1970 animal,
545 1902 655 1957 aforma
670 1919 730 1974 quae
741 1919 772 1959 ει
788 1901 914 1957 omnihus
964 1904 1005 1949 0⁵!
1021 1895 1092 1950 Pafrl
1104 1938 1111 1961 r
1122 1909 1146 1953 et
1164 1898 1241 1968 Filio,
1254 1909 1281 1955 0²
1305 1903 1414 1969 Shirillll
1430 1912 1538 1967 sancto,
1560 1912 1666 1970 oportet
1690 1917 1751 1960 ΕΜ

130 1964 203 2023 illius
218 1971 407 2037 animamque
430 1972 502 2025 illius
525 1974 645 2042 corporis
655 1972 837 2029 subsistentiis
850 1987 915 2026 con·
965 1979 1116 2048 commune.
1145 1968 1182 2023 lta
1199 1971 1371 2040 singulariter
1384 1971 1475 2026 debuit
1503 1972 1608 2038 dicere,
1633 1974 1702 2041 qued
1722 1981 1751 2028 et

128 2042 192 2102 siai,
218 2040 375 2109 quaeeliam
395 2042 558 2110 singularum
574 2044 688 2112 partium
712 2043 867 2113 singulaede
880 2056 914 2097 eo
965 2036 1429 2104 pr.rdteatur,etidetcommune:
1452 2045 1593 2112 quonlam,
1618 2043 1687 2097 sicui
1710 2044 1749 2098 di·

129 2107 201 2175 qood
216 2111 275 2164 sinc
285 2108 410 2178 alterius,
430 2112 472 2167 uel
486 2121 658 2182 utrarumque
682 2114 840 2169 confusione
850 2127 914 2166 con·
963 2114 1035 2184 filum
1049 2116 1100 2172 0⁵¹2
1115 2123 1167 2164 ¹¹⁰⁰
1182 2110 1232 2164 nisi
1246 2125 1326 2165 unum
1337 2121 1388 2177 est,
1403 2113 1473 2181 (1¹¹od
1487 2113 1521 2168 ‘¹⁰
1535 2112 1748 2169 ¹¹l⁸⁵⁰¹¹⁸ll¹¹¹¹⁸·

128 2184 234 2240 slaha
250 2181 565 2249 partibuspraediqantur‚
585 2183 624 2238 De
635 2199 689 2252 quo
704 2186 731 2239 in
745 2182 913 2252 expositione
965 2175 1026 2231 illel
1045 2177 1151 2232 dicitur.
1175 2180 1241 2247 Quia
1265 2189 1354 2235 tamen
1374 2183 1399 2236 id
1424 2184 1599 2252 qllal'illlitlalll
1615 2184 1748 2240 rationum

129 2245 190 2302 fibri
205 2250 250 2314 qui
266 2259 357 2304 eontra
372 2252 512 2323 Eutychen
528 2254 641 2322 scriptus
654 2265 705 2320 est,
722 2256 826 2324 plenius
840 2253 914 2308 dice·
964 2249 1196 2316 Ρῐθιιῡιῑίθῐιίῐιιιε,
1224 2265 1296 2320 saepe
1322 2251 1436 2307 diversis
1463 2251 1628 2324 significandi
1660 2253 1749 2308 modis

129 2324 182 2370 tur.
204 2319 272 2374 Sunt
286 2330 313 2374 et
326 2322 386 2376 aliae
402 2338 491 2377 rerum
514 2321 584 2377 inter
597 2338 627 2378 εε
639 2339 673 2378 ex
695 2328 751 2380 suis
766 2322 913 2393 proprieta-

127 2386 198 2442 tibus
208 2387 390 2456 diter-arum,
405 2393 553 2447 seeundum
568 2395 621 2448 alia
633 2393 750 2462 ipsarum
765 2402 911 2456 consortta,

128 2457 307 2514 uniones.Sed
320 2461 460 2530 lras,quas,
470 2473 497 2516 ut
510 2462 724 2530 ridetur,centra
737 2463 913 2534 quorumdam

128 2540 244 2595 errores,
261 2530 358 2586 ditius
372 2534 496 2587 esseutiae
511 2535 612 2589 unitate
626 2544 720 2589 auctor
729 2541 864 2597 remutet,
883 2543 913 2588 ut

130 2596 209 2666 hujus
223 2601 313 2668 operis
325 2603 444 2670 qualitati
458 2603 611 2672 explanatio
626 2606 811 2673 responderet,
823 2604 913 2659 tacitis

129 2669 307 2737 caeterisquae
324 2672 386 2726 huie
409 2674 467 2728 luce
482 2689 534 2726 nun
561 2674 677 2738 faciunt,
700 2688 913 2730 commemorare

129 2738 288 2815 curatimus.
303 2741 415 2808 Quidam
431 2746 502 2798 eninr
515 2742 643 2808 haeretiei,
655 2760 767 2813 quorum
781 2759 911 2807 errorem,

129 2807 212 2872 ipsios
225 2811 324 2865 erroris
352 2814 431 2866 tacito
446 2823 563 2881 auctore,
577 2825 770 2870 contnremorat
798 2814 912 2884 Epipha-

129 2876 199 2939 nius,
220 2880 310 2934 dieunt
326 2881 421 2936 Filium
435 2883 515 2938 sitrtul
529 2886 676 2939 esseutiae*
699 2886 775 2955 euius
789 2895 815 2939 et
833 2883 913 2939 Pater

129 2956 178 3000 est.
201 2950 227 3003 ltr
238 2965 290 3018 quo
306 2953 400 3017 partim
416 2955 583 3008 eotrsentiuut
601 2955 723 3019 Arianis,
746 2956 840 3024 partim
853 2956 911 3008 dis·

130 3020 248 3074 sentiunt
260 3020 352 3086 abeis,
380 3022 494 3094 ideoque
507 3026 664 3079 semiariani
682 3035 820 3082 uocantur.
845 3024 911 3079 Nam

964 2317 1122 2385 ostenditur,
1132 2320 1158 2373 id
1169 2327 1221 2388 εει,
1231 2321 1270 2376 rel
1282 2320 1314 2374 ad
1330 2336 1469 2390 generum,
1485 2323 1526 2378 tel
1537 2322 1570 2377 ad
1581 2322 1750 2392 qualitatum,

963 2387 1005 2440 rel
1020 2389 1052 2440 ad
1067 2391 1241 2457 quantitatum
1256 2392 1448 2453 mutationem,
1463 2407 1522 2448 eunt
1538 2393 1662 2458 dicimus,
1677 2392 1750 2450 heus

964 2456 1060 2523 honus,
1073 2474 1202 2528 maguus,
1217 2470 1245 2515 et
1256 2461 1407 2528 hujusmodi
1422 2463 1481 2518 aliis
1496 2463 1649 2518 nominibus
1665 2465 1749 2532 sigui-

964 2528 1067 2593 ficator,
1080 2529 1218 2597 pluraliter
1228 2531 1312 2586 dixit:
1327 2532 1509 2602 Quaecunque,
1518 2541 1546 2588 ει
1557 2533 1749 2602 praedicantur,

964 2604 991 2651 et
1011 2611 1054 2664 ea,
1080 2609 1106 2654 et
1121 2602 1282 2655 eommunia.
1303 2601 1359 2656 Nee
1378 2604 1473 2657 mirum
1489 2605 1511 2658 si
1529 2604 1555 2657 in
1579 2603 1750 2671 theologicis,

964 2667 1007 2721 trbi
1023 2682 1150 2736 cognatos
1164 2670 1244 2725 rebus
1255 2671 1393 2742 dequibus
1410 2675 1560 2742 loquimur,
1586 2689 1638 2727 uon
1654 2687 1748 2741 possu-

964 2751 1024 2791 mus
1039 2737 1137 2795 habere
1152 2755 1310 2806 sermones;
1336 2745 1382 2796 setl
1395 2744 1428 2798 ad
1444 2746 1488 2798 illa
1501 2742 1672 2814 significanda
1689 2745 1749 2799 illos

963 2807 1007 2875 qui
1031 2817 1093 2863 sunt
1117 2821 1274 2865 caeterarum
1303 2813 1458 2867 facultatum
1472 2830 1506 2868 ex
1525 2816 1613 2880 aliqua
1637 2814 1749 2868 rationis

964 2879 1147 2946 proportione,
1165 2883 1368 2946 transunritnus,
1398 2885 1487 2938 multis
1507 2883 1658 2938 nominihus
1671 2883 1748 2938 etdi·

963 2948 1047 3001 tersis
1062 2950 1149 3004 modis
1163 2951 1233 3004 idern
1246 2953 1439 3021 significamus,
1451 2969 1510 3007 cum
1526 2954 1551 3007 in
1569 2955 1746 3020 naturalibus,

964 3019 1007 3070 uhi
1023 3028 1127 3075 nonest
1141 3029 1213 3075 tanta
1226 3023 1314 3090 inopia
1330 3026 1477 3092 nominum,
1498 3024 1571 3078 idom
1582 3039 1654 3091 supe
1668 3025 1748 3078 facia·

130 3089 230 3153 driani,
250 3091 346 3160 quihus
362 3092 508 3148 Eunntnius
526 3098 676 3162 consentit,
692 3107 745 3150 tam
760 3097 858 3150 unione
870 3095 910 3149 di·
964 3103 1022 3168 ⁰3¹¹ss
1044 3106 1049 3140 ²
1074 3103 1103 3144 ut
1114 3104 1221 3159 corifi·
1244 3093 1402 3162 ⁰0fh0ralc,
1419 3109 1592 3164 corporeum,
1609 3095 1679 3148 idcnr
1699 3093 1747 3149 sed

128 3172 264 3215 versatum
289 3163 464 3218 essentiarum
489 3179 570 3235 quam
588 3166 666 3220 uuius
680 3167 804 3221 esseutiae
821 3167 910 3234 singu·
924 3154 946 3216 C
962 3158 1071 3213 diuerso
1096 3161 1176 3215 tuedo
1190 3163 1352 3231 significant.
1374 3165 1436 3217 item
1452 3165 1550 3218 animal
1578 3165 1709 3231 animale,
1722 3172 1751 3220 el

127 3228 244 3297 latitate,
273 3243 371 3302 urgant
386 3232 492 3288 Patrem
517 3246 545 3289 ει
559 3235 578 3289 F
582 3235 655 3289 ilium
679 3237 757 3290 unius
771 3250 830 3291 esse
844 3237 908 3290 suh·

126 3301 241 3354 stantia.
262 3302 328 3368 Quia
342 3319 455 3368 iramque
470 3316 590 3360 ereatura
604 3319 653 3359 suo
671 3307 799 3374 principio
810 3320 858 3360 uee
871 3307 909 3360 si·

126 3369 196 3423 milis
210 3387 269 3426 esse
290 3381 386 3440 potest,
405 3375 510 3440 Filium,
522 3390 600 3445 quem
612 3376 717 3430 illorum
727 3376 822 3440 dragma
835 3391 909 3430 erea-

127 3448 211 3494 turam
227 3457 286 3497 csse
299 3453 352 3497 tota
375 3448 416 3497 stri
431 3458 525 3501 tratura
541 3446 691 3513 coufirmat,
714 3446 784 3502 Patri
800 3447 909 3501 omnino

125 3509 281 3568 dissimilent
302 3523 405 3583 putant.
438 3516 471 3568 lli
492 3532 556 3571 uero
571 3518 745 3580 Sentinatem,
772 3519 867 3572 Filium
882 3525 910 3572 et

124 3578 229 3637 Patrem
243 3598 304 3639 εεεε
320 3586 396 3640 utrius
407 3586 573 3653 substantiae,
589 3587 734 3642 seeundum
749 3588 855 3656 quidem
871 3603 909 3643 es·

123 3654 216 3707 sentiae
232 3655 454 3722 singularitatem,
471 3670 579 3727 negant,
600 3660 646 3712 sed
661 3661 807 3713 seeundum
822 3657 908 3712 diter·

122 3735 212 3776 sarum
223 3728 398 3780 essentiarum
412 3727 626 3782 conformitatem
637 3727 782 3785 affirmant.
792 3729 837 3783 Sic
844 3743 908 3798 crgo

122 3793 308 3857 substantiam,
335 3795 386 3849 fruc
400 3798 594 3852 estessentiam
609 3799 694 3852 Patris
716 3808 743 3853 et
766 3799 835 3867 filii,
848 3813 908 3868 quae

122 3861 305 3939 singularitate
331 3864 486 3935 intelligitur
511 3882 608 3930 utram,
628 3869 824 3935 quodammodo
853 3870 907 3922 dis·

120 3940 234 3999 Jungont
254 3941 282 3986 et
294 3945 428 4002 separant,
445 3937 489 4003 qui
504 3939 602 3990 unione
630 3937 813 3993 sitrtilitutlinis
827 3953 906 3993 unam

122 4011 225 4069 putant.
244 4003 395 4058 sicutenim
408 4005 464 4074 ipsa
478 4021 538 4074 quae
555 4016 617 4060 suut
634 4008 743 4073 similia,
766 4010 804 4062 sic
820 4018 847 4062 ει
862 4010 906 4062 illa

121 4072 333 4143 secundumque
347 4084 409 4128 suut
419 4075 525 4140 similia,
540 4090 652 4150 neeesse
666 4085 707 4133 εει
719 4093 778 4132 εεεε
789 4079 905 4135 diuersa.

119 4142 171 4196 tilii
183 4153 269 4198 antem
297 4145 427 4212 lrarretiei,
453 4162 521 4215 quos
547 4148 673 4203 similiter
695 4149 775 4204 taeitu
797 4157 906 4204 auctore

120 4210 250 4268 i’lrilaster
263 4223 466 4280 commemorat,
476 4219 514 4270 sic
526 4217 672 4273 triformem
680 4220 904 4286 asseruntheum,

120 4293 148 4336 ut
162 4285 283 4353 quaedam
299 4300 360 4354 pars
372 4285 429 4353 ejus
439 4288 474 4340 sit
487 4287 577 4353 Pater,
592 4289 712 4357 quedam
728 4289 821 4355 Filius,
833 4304 905 4359 quae·

119 4354 180 4406 dam
193 4356 308 4422 Spiritus
320 4367 445 4422 sanetus,
463 4357 513 4411 hoe
534 4367 585 4421 est,
601 4360 671 4428 qnod
689 4360 736 4415 hei
750 4362 829 4415 unius
843 4376 904 4428 par·

120 4432 160 4477 trs
175 4435 247 4490 suut,
262 4441 321 4493 quae
336 4428 414 4480 istam
432 4429 532 4482 faciunt
545 4430 707 4495 trinitatem,
722 4431 844 4485 refutet
862 4431 904 4485 his

963 3228 1042 3281 houro
1058 3229 1213 3293 humanum,
1225 3246 1250 3286 et
1266 3234 1414 3301 httjusmodi
1432 3234 1554 3302 plurima.

997 3297 1078 3365 idque
1092 3302 1159 3371 tiqui
1173 3304 1232 3371 erit,
1246 3312 1298 3357 etc.
1312 3302 1321 3374 ]
1337 3304 1417 3371 Quasi
1432 3321 1437 3357 :
1454 3304 1623 3374 Quacunque
1635 3303 1668 3359 de
1683 3305 1751 3362 diri·

962 3384 993 3421 na
1008 3371 1153 3425 substantia
1172 3373 1365 3441 praedicantur,
1390 3374 1475 3428 tribus
1499 3375 1651 3429 eommunia
1675 3385 1746 3430 sunt.

961 3438 1043 3508 idque
1055 3441 1132 3511 signi,
1146 3443 1172 3496 iil
1188 3454 1227 3497 est
1243 3445 1293 3499 hue
1307 3445 1412 3514 signnm
1426 3446 1494 3507 erit,
1521 3460 1567 3512 per
1582 3447 1632 3498 hoc
1646 3446 1748 3502 scilieet

960 3509 1134 3578 probabiliter
1144 3513 1253 3583 intelligi
1270 3523 1377 3584 potent,
1391 3530 1451 3583 quae
1465 3516 1519 3570 sint
1532 3515 1576 3569 illa
1591 3531 1650 3584 qne
1662 3514 1748 3570 delli·

960 3581 1077 3635 vinitatis
1100 3584 1289 3647 subsistentia,
1316 3584 1342 3637 id
1357 3595 1398 3639 est
1412 3585 1446 3639 de
1468 3585 1522 3641 lieo
1538 3585 1748 3642 substantialiter

959 3651 1149 3719 praedicentur.
1160 3654 1230 3721 quod
1242 3655 1344 3709 seilicet
1355 3669 1531 3724 qtrareunqtte,
1543 3666 1596 3711 ete.
1618 3655 1693 3722 Quod
1710 3657 1748 3711 ait

959 3722 1076 3790 signum,
1100 3738 1115 3777 a
1144 3725 1297 3780 rhetoribus
1320 3728 1410 3778 sumit.
1439 3723 1534 3782 Cicero
1551 3729 1749 3796 natuqueiuter

959 3793 1001 3845 illa
1014 3793 1159 3860 probabilia
1176 3798 1291 3856 inuenta,
1305 3811 1363 3864 qum
1378 3799 1432 3850 lere
1446 3795 1502 3850 fleri
1517 3797 1605 3851 solent
1618 3837 1626 3862 ,
1640 3798 1745 3867 siguum

959 3863 1049 3930 ponit:
1065 3865 1135 3932 qnod
1151 3866 1258 3934 quidem
1271 3864 1298 3919 id
1313 3865 1389 3934 cujus
1400 3866 1499 3919 dieitur
1512 3869 1629 3937 signum,
1642 3882 1749 3938 quoquo

959 3934 1038 3987 modo
1051 3933 1197 4003 significari
1210 3935 1285 3999 dicit,
1298 3936 1344 3988 sed
1357 3934 1468 4005 majoris
1480 3938 1634 4000 testimonii,
1649 3946 1676 3992 et
1688 3952 1751 4009 gra-

958 4003 1751 4075 rioriseonfirnrationisindigere:qualiterethoclucoprae·

957 4073 1096 4127 dicationis
1109 4074 1143 4127 de
1154 4074 1239 4128 trihus
1252 4074 1331 4126 situul
1347 4085 1372 4128 ει
1387 4074 1505 4138 divisim,
1527 4077 1560 4129 de
1572 4077 1682 4145 singulis
1693 4077 1750 4131 sin·

957 4143 1085 4210 gulariter
1097 4141 1173 4198 laete
1182 4144 1370 4208 cotumnuitas,
1383 4144 1614 4200 substantialitatis
1627 4146 1748 4215 ejusdem

957 4212 1055 4267 dicitur
1066 4214 1201 4282 praedicati
1216 4215 1331 4283 signum.
1342 4214 1386 4268 Sic
1400 4213 1471 4268 enim
1479 4229 1568 4288 cruor,
1579 4217 1750 4286 fuga,pallor,

957 4284 1061 4352 pultis,
1077 4293 1103 4338 et
1129 4284 1169 4337 his
1192 4285 1310 4353 similia,
1327 4289 1503 4350 qtttrrumdam
1528 4287 1659 4340 factotum
1674 4286 1748 4356 sigua

957 4354 1065 4422 quidem
1080 4364 1153 4419 sunt,
1168 4369 1228 4424 quae
1240 4356 1265 4409 iu
1279 4354 1479 4410 entttiuetrtihus
1489 4369 1549 4410 etrnr
1563 4356 1688 4428 negotiis,
1704 4357 1749 4413 sei

957 4423 983 4477 in
998 4424 1165 4492 gestiouitus
1182 4426 1350 4494 negotiorum
1376 4424 1434 4479 heri
1448 4427 1546 4493 solent,
1572 4437 1659 4481 tamen
1673 4425 1749 4480 infir·

120 4495 205 4548 tetrus
220 4496 339 4563 partibus
360 4498 525 4565 corripientur
544 4499 624 4566 heus,
643 4515 692 4554 nce
718 4504 752 4555 ειι
767 4502 903 4570 perfectus
919 4516 943 4575 g)
957 4508 1012 4559 nra,
1021 4495 1150 4575 qrrouiaru
1161 4504 1188 4549 el
1201 4505 1298 4563 prater
1309 4496 1539 4565 negutia,quihus
1557 4497 1748 4581 attribuuntur,

119 4564 143 4614 iu
158 4565 247 4634 seipso
273 4567 312 4620 tel
328 4566 417 4634 Pater,
435 4569 475 4622 rel
493 4569 584 4635 h'ilius,
597 4571 638 4624 rel
657 4571 772 4640 Spiritus
783 4580 903 4625 sanetus.
955 4574 1112 4635 contingunt
1126 4583 1133 4617 :
1149 4567 1188 4619 sie
1202 4565 1253 4620 ista
1267 4565 1508 4634 praedicendorum,
1523 4577 1550 4622 et
1564 4569 1598 4621 de
1611 4567 1695 4623 trihus
1706 4567 1750 4623 dt-

117 4634 195 4687 lutra
208 4650 286 4704 qoem
297 4652 415 4692 errorem
423 4637 529 4707 quidant
545 4641 663 4709 legentes
676 4642 702 4695 irr
714 4641 793 4695 Patre
809 4640 904 4695 Filiutu

117 4720 187 4768 esse,
205 4708 413 4776 interpretantur
426 4710 475 4763 hoe
492 4717 616 4778 tanquam
632 4712 657 4765 in
674 4710 906 4780 urajorerasevas

117 4776 215 4828 ιιιιιιιιε.
237 4775 312 4830 Unde
334 4777 466 4834 Philasler
485 4786 715 4854 permtegauuirus
742 4780 791 4836 ilos
816 4789 904 4836 secui.

116 4843 181 4898 h'anr
195 4843 274 4920 rippas
287 4847 394 4914 Graece,
419 4864 466 4903 ras
481 4852 576 4906 dicitur
591 4850 686 4905 Latine
704 4868 711 4903 t
728 4853 906 4926 μιταῃισμὸς

115 4925 204 4970 autent
219 4918 356 4971 interritum
371 4920 441 4972 rasis
452 4921 531 4974 unius
546 4922 570 4974 itt
586 4923 709 4976 alterurn.
725 4923 756 4976 lli
767 4936 833 4993 ergo
843 4924 906 4975 soh·

115 4988 257 5051 stantiam,
278 4988 329 5041 froc
340 4999 381 5042 εει
397 4992 541 5044 essetrriam
563 4991 609 5046 hei
623 5006 671 5046 sua
686 4994 811 5060 opinione
831 4991 905 5046 velut

115 5057 236 5124 partibus
251 5058 276 5111 in
293 5073 373 5112 unum
387 5060 561 5130 conjungunt.
587 5061 615 5116 a'i
629 5064 700 5116 euim
710 5062 779 5118 Deos
791 5079 824 5118 ex
842 5077 905 5132 par·

116 5126 186 5181 tibus
200 5130 360 5197 conjunctus
372 5139 431 5196 εει,
452 5133 567 5186 essentia
592 5146 698 5202 quoque
713 5148 765 5202 qua
786 5135 844 5203 ipsc
864 5139 906 5187 est

114 5212 146 5251 ex
162 5198 215 5252 illis
229 5200 353 5253 essentiis
373 5201 471 5269 quihus
498 5201 544 5256 Dei
568 5211 658 5271 partes
671 5213 749 5267 sunt,
763 5203 905 5272 coniuncta

113 5276 166 5321 est.
188 5269 299 5334 Quoties
313 5269 383 5324 enim
399 5271 547 5326 subsistens
562 5289 595 5327 ex
612 5273 823 5328 subsistentibus
838 5287 904 5327 con-

111 5337 232 5406 juncttun
247 5349 298 5405 est,
314 5355 424 5409 necesse
438 5351 480 5395 cst
490 5344 548 5411 ejus
562 5353 646 5397 toturn
658 5358 729 5410 esse,
739 5344 764 5397 id
779 5353 821 5399 est
831 5342 904 5396 illam

114 5422 166 5477 qua
182 5411 267 5476 ipsunt
286 5411 432 5479 perfeetum
448 5421 490 5466 est
517 5415 719 5469 subsistentiam
735 5429 767 5467 es
782 5416 903 5468 omnium

114 5479 228 5546 partium
244 5495 352 5534 suatum
366 5482 491 5536 omnibus
514 5484 694 5539 subsistentiis
712 5498 772 5538 esse
792 5483 906 5553 conjun-

113 5557 194 5603 ctam.
223 5550 280 5604 Nun
295 5559 382 5606 tamen
394 5567 425 5606 ει
437 5556 699 5618 couversodicinrus,
716 5555 786 5624 quod
800 5557 907 5624 quoties

114 5619 228 5688 alicujus
243 5638 302 5676 csse
320 5632 425 5677 constat
437 5638 468 5676 ex
484 5625 591 5692 multis,
613 5626 698 5695 ipsunt
714 5639 820 5695 queque
833 5625 904 5694 quod

145 5766 152 5781 '
171 5761 244 5815 Forte
258 5764 389 5827 legendum
402 5763 487 5818 sirttt'lis
499 5778 543 5828 pro
555 5765 634 5818 riurei.
648 5766 763 5819 indicent
772 5767 903 5820 doctiores.

957 4633 1047 4701 tisim,
1063 4647 1090 4689 et
1114 4635 1277 4705 conjunctim
1301 4637 1491 4704 communitas,
1515 4638 1750 4693 substantialitatis

975 4706 1165 4759 medicatorum
1193 4707 1298 4775 signum
1315 4707 1423 4777 quidem
1434 4717 1492 4774 εει,
1518 4709 1642 4778 quoniatn
1658 4706 1750 4762 inullis

956 4719 1007 4829 bne
1019 4778 1146 4830 conuenit
1168 4778 1347 4832 cummuniter
1367 4776 1531 4847 praedictus,
1558 4779 1692 4833 infirmum
1710 4789 1750 4830 ta-

955 4858 1027 4909 uteu,
1043 4846 1168 4915 qnoniam
1183 4848 1271 4916 aliqua
1285 4858 1347 4902 suut
1361 4863 1419 4917 quae
1434 4849 1503 4903 etde
1515 4847 1628 4918 singulis
1642 4848 1750 4902 divisim
1793 4918 1796 4922 ι

956 4923 985 4970 ει
996 4919 1160 4985 coniunctim
1183 4917 1217 4971 de
1231 4918 1316 4974 tribus
1328 4930 1381 4973 tam
1404 4920 1442 4974 rei
1457 4934 1536 4988 quam
1555 4919 1671 4972 nominis
1690 4917 1749 4972 sitr-

957 4987 1098 5056 gularitare
1135 4989 1313 5045 communiter
1344 4989 1533 5058 praedicantur,
1559 5005 1619 5059 quae
1641 4988 1750 5042 illorum

957 5057 1114 5113 substantiae
1133 5073 1195 5114 esse
1217 5073 1270 5113 ntur
1295 5069 1424 5129 possunt,
1444 5063 1505 5128 quia
1526 5075 1578 5114 nnn
1599 5057 1746 5114 seeundum

958 5143 1025 5193 rem,
1040 5129 1086 5183 sed
1099 5130 1264 5185 extrinsecus
1287 5131 1365 5184 allisa
1383 5131 1588 5201 praedicamenta
1611 5139 1693 5196 sunt,
1721 5137 1750 5182 nt

958 5197 1142 5268 principalitas
1157 5209 1184 5255 et
1199 5202 1278 5255 actio.
1304 5201 1370 5255 Natu
1383 5212 1410 5256 et
1424 5216 1470 5270 per
1484 5215 1513 5254 se
1528 5214 1620 5254 rerum
1637 5211 1688 5264 est,
1704 5198 1751 5254 aa·

959 5281 1000 5321 ter
1012 5281 1053 5324 εει
1069 5269 1240 5339 principium,
1265 5271 1367 5325 etitem
1382 5285 1473 5340 perse
1488 5270 1570 5325 Filius
1585 5277 1627 5324 est
1649 5270 1748 5340 princi·

959 5336 1040 5406 pium,
1061 5349 1089 5394 et
1103 5341 1167 5394 itero
1178 5355 1224 5408 per
1237 5340 1389 5410 seSpirittrs
1402 5349 1511 5396 satrettts
1524 5352 1565 5395 est
1577 5339 1748 5409 principium

958 5410 1075 5463 etetiam
1090 5410 1169 5464 Pater
1178 5410 1275 5473 sitrml,
1289 5421 1316 5466 et
1330 5411 1428 5476 lilius,
1455 5421 1483 5466 et
1510 5411 1626 5478 Spiritus
1639 5419 1748 5464 sanctus

957 5488 1020 5533 sttnt
1037 5495 1118 5533 unum
1142 5481 1314 5550 principium.
1344 5480 1388 5535 Sic
1404 5490 1432 5536 ει
1453 5496 1544 5550 perse
1560 5481 1639 5535 Pater
1651 5490 1692 5535 est
1707 5481 1747 5534 fa-

958 5561 1033 5616 ctor,
1044 5558 1072 5606 et
1087 5553 1149 5606 item
1164 5549 1246 5605 Frlius
1263 5562 1304 5604 est
1318 5551 1415 5615 factor,
1429 5568 1456 5606 et
1478 5552 1543 5606 item
1555 5551 1671 5621 Spiritus
1687 5563 1747 5603 sau·

958 5622 1181 5687 caussationem
1198 5622 1319 5679 etetittrn
1342 5622 1420 5679 simul
1439 5623 1533 5689 Pater,
1559 5631 1587 5678 et
1608 5620 1707 5688 Filius,
1721 5630 1749 5676 ει
