3946 6186
81 259 85 270 ‘
186 244 255 303 titt

793 233 848 291 ΑΝ.
868 229 974 290 uait.
992 227 1068 289 Sil·
1087 225 1196 284 boeti
1742 218 1816 279 ilii

185 354 341 427 guarerrda,
354 350 435 410 veluti
449 349 544 405 artiiei
569 348 747 404 instrumenta
761 343 894 414 quedam,
909 343 969 412 qui·
983 342 1009 402 Α
1021 335 1077 393 r'sst
1090 338 1193 394 trater!
1201 338 1250 391 nisi
1259 337 1340 392 errinc
1346 336 1478 392 ecidissent
1491 336 1603 408 eiirgue
1610 336 1647 390 ri
1653 346 1747 391 terrers
1759 347 1816 391 trra·

187 447 238 505 bas
253 447 278 502 id
297 445 367 514 guod
381 442 550 499 eliciendum
563 449 619 495 ‘est
638 438 754 506 explicet
769 447 848 507 atoue
866 435 972 491 conlor·
1022 432 1080 494 bes,
1092 431 1161 502 drgo
1172 430 1219 484 illo
1240 430 1310 501 {octo
1332 445 1384 482 nnn
1404 435 1479 492 esset,
1499 443 1545 480 nec
1566 437 1648 480 tameo
1664 428 1714 498 [ait
1731 429 1762 480 iss
1773 428 1817 482 tis

188 548 252 595 taxet.
266 537 361 590 Earum
375 548 439 589 sero
452 533 571 591 euntium
587 544 645 598 que
660 528 763 582 Tullius
775 526 870 582 statuit
891 525 917 580 iu
931 525 972 577 sl·
1024 521 1135 574 trabibus
1153 519 1276 589 efficiendi
1297 520 1333 572 nis
1346 517 1498 570 necessarie.
1513 517 1544 569 dt
1556 532 1612 568 curn
1625 517 1756 587 r‘n-Ajncis
1767 533 1819 568 nn·

189 637 287 682 terutm
301 625 433 679 divisione
452 637 604 686 causarum,
629 620 671 673 ilia
685 618 792 688 quidem
806 632 865 687 qum
885 615 910 670 si
926 628 973 668 sua

188 718 322 785 explicent
346 732 377 772 ea
392 732 504 787 qtrorum
520 729 608 770 causae
624 722 697 777 sunt,
711 711 799 767 ensuia
815 719 868 763 tatu
885 723 931 776 per
945 721 975 761 se

188 809 221 864 ad
236 806 407 862 eliciendum
433 806 560 870 valentia,
575 819 654 873 quam
679 802 783 872 quesiti
807 799 975 853 extrinsecus

187 898 331 968 juvaminis
358 897 514 966 indigentia,
531 897 557 950 in
582 910 612 949 ea
638 891 816 948 Aristotelicas
834 887 975 944 divisionis

111 1028 115 1035 -
188 1004 268 1043 causa
284 976 452 1053 locabuntur,
467 999 577 1058 qrsoeest
594 986 751 1056 principium
766 994 863 1040 suetus.
886 983 977 1050 Quau·

188 1094 268 1149 quam
292 1080 326 1134 de
340 1084 470 1147 sapientia
496 1079 543 1134 tali
561 1093 649 1133 causae
673 1091 726 1148 saun
741 1073 864 1129 conre'nit
886 1087 977 1127 exem·

190 1169 275 1238 plum,
289 1170 335 1223 sed
352 1172 439 1236 potius
454 1168 485 1221 ad
502 1168 630 1222 rationem
645 1167 813 1237 larrmamque
826 1165 976 1221 contendit·

186 1257 310 1333 ¹liarttque
326 1258 453 1327 sapientia
471 1260 574 1314 ratione
587 1256 701 1325 quadam
717 1267 797 1325 atque
812 1255 896 1310 luania
916 1254 977 1308 elli·

190 1350 229 1404 cit
241 1343 385 1417 sapientes.
403 1350 466 1416 Eius
481 1365 544 1404 sero
566 1365 656 1405 aarum
670 1363 749 1417 quam
765 1348 866 1402 Tullius
883 1339 977 1411 relcrt,

192 1442 251 1496 siue
264 1455 315 1507 uua
326 1453 378 1494 trun
394 1440 423 1494 lit
436 1440 544 1506 atlante.
569 1440 679 1496 suaseris
694 1439 812 1507 quidem,
835 1447 939 1503 tempas
952 1444 979 1490 et

1024 624 1077 664 netu
1095 610 1277 679 crispisulcans
1290 609 1392 678 igneum
1407 604 1503 676 fulmen
1513 605 1636 674 injectant
1650 614 1697 669 est,
1710 606 1817 670 inpane

1024 714 1110 755 motus
1121 702 1192 755 nnsis
1207 703 1357 753 necessario.

1060 809 1147 864 Prima
1162 785 1270 878 quidem
1295 819 1434 860 causarum
1454 804 1563 867 divisio,
1579 801 1727 858 secuudum
1751 800 1817 857 'l'ul-

1026 900 1102 962 lium,
1118 898 1165 953 luit
1179 898 1205 953 iu
1217 913 1249 953 ea
1262 911 1321 968 οοο
1332 898 1470 950 elicerent
1480 892 1591 962 aliquid,
1605 904 1632 946 et
1644 907 1674 947 ea
1687 894 1747 948 sine
1757 895 1831 962 qui-¹

1026 992 1076 1046 bus
1088 991 1156 1047 elici
1172 1004 1224 1046 uon
1239 999 1338 1059 posset,
1354 999 1435 1056 atque
1457 986 1523 1041 illud
1538 985 1646 1054 quidem
1661 985 1731 1054 quod
1754 984 1817 1038 eli·

1027 1092 1110 1148 reret,
1128 1081 1154 1134 in
1165 1081 1269 1149 gemina
1284 1078 1347 1133 item
1360 1078 1473 1147 partitus
1483 1073 1645 1140 est,seilicet
1660 1073 1688 1127 in
1703 1073 1729 1127 iri
1740 1073 1821 1142 quod

1027 1171 1060 1226 ad
1084 1170 1252 1225 eliciendum
1276 1168 1376 1236 aliquid
1391 1165 1568 1221 necessariam
1584 1164 1637 1218 sim
1652 1162 1813 1233 possideret,

1028 1275 1114 1332 neque
1127 1260 1206 1315 ullius
1218 1258 1349 1329 indigeret
1360 1256 1529 1313 extrinsecus
1542 1255 1698 1323 adjumenti,
1709 1265 1736 1309 et
1748 1256 1776 1309 in
1788 1256 1815 1307 id

1027 1353 1098 1423 quud
1113 1350 1170 1409 nisi*
1192 1352 1252 1409 aliis
1274 1350 1462 1423 adiuvantibus
1486 1340 1687 1416 operari'atque
1703 1345 1816 1401 elicere

1030 1459 1083 1508 nnn
1098 1453 1200 1514 posset.
1214 1444 1253 1498 Ac
1266 1442 1379 1510 primum
1395 1440 1428 1494 dn
1440 1453 1471 1493 ea
1486 1438 1603 1506 irraditur
1612 1451 1692 1508 causa
1708 1450 1769 1501 oue
1779 1437 1819 1490 ei-

135 1574 136 1577 ,
191 1532 276 1611 locus,
292 1533 317 1587 id
332 1541 383 1597 est,
398 1548 431 1586 ex
445 1548 497 1602 quo
513 1533 553 1597 it,
569 1533 611 1586 vel
627 1533 653 1584 iu
669 1546 722 1598 giro
738 1532 777 1595 it,
791 1546 851 1599 quae
864 1538 927 1584 sunt
938 1529 978 1585 el·
1029 1535 1135 1606 intendi
1158 1536 1212 1593 sint
1229 1542 1315 1598 tenet,
1330 1533 1389 1601 ejas
1402 1533 1473 1586 enim
1488 1543 1519 1584 ea
1539 1542 1600 1598 pars
1618 1528 1660 1582 cui
1675 1526 1815 1582 eliciendi·

192 1624 291 1679 ieienri
310 1623 459 1677 susbstantia
482 1633 583 1676 naturae
603 1631 656 1678 :ut
670 1637 722 1676 οοο
743 1622 879 1676 intellectu
904 1633 990 1696 cout-¹
1029 1626 1175 1679 necessitas
1189 1622 1275 1687 adest,
1290 1620 1381 1678 statim
1404 1633 1494 1675 secunx
1508 1615 1708 1672 conclusionem
1733 1613 1822 1671 conti·

193 1711 401 1782 prebendautur,
413 1711 575 1780 vetuissent
587 1721 658 1773 suut,
671 1711 713 1764 nel
723 1711 841 1764 maumas
851 1710 978 1778 tricesup·
993 1707 1018 1766 it
1032 1722 1084 1786 tem
1096 1713 1193 1776 trabit;
1206 1711 1276 1766 dicta
1292 1712 1362 1766 euim
1375 1725 1465 1775 causa,
1479 1724 1537 1777 otiu
1549 1707 1703 1764 necessario
1715 1707 1822 1778 aliquid

194 1804 276 1871 posita
287 1818 295 1866 ;
308 1803 482 1871 instrumenta
496 1816 560 1856 tero
572 1803 597 1855 ei
609 1816 696 1855 causas
708 1808 770 1855 sunt
781 1814 840 1867 que
853 1798 884 1853 ad
899 1800 978 1853 tinem

192 1900 326 1960 spectant,
342 1890 388 1945 sed
413 1906 466 1944 non
491 1890 548 1958 ipsa
572 1888 644 1955 iuis,
656 1893 717 1959 quia
738 1903 791 1943 nun
807 1888 866 1942 linis
881 1887 980 1941 instru-

194 1993 283 2037 menta
299 1980 415 2049 respicit,
429 1984 474 2034 sed
499 1960 557 2035 liae
570 1982 659 2035 lluem.
673 1980 850 2034 iustrumenta
865 1991 979 2047 uanaque

195 2082 304 2142 propter
320 2073 434 2140 aliquem
449 2072 528 2127 linem
550 2079 685 2137 patrantur.
702 2067 754 2124 Sed
779 2067 874 2121 mirum
895 2064 979 2120 uideri

197 2171 285 2228 potest
307 2176 356 2214 cur
374 2162 591 2231 congressionem
618 2161 718 2215 amoris
741 2173 847 2220 causam
871 2172 924 2212 nou
939 2156 981 2212 iu·

195 2261 269 2321 terea
292 2262 469 2319 enumerant,
490 2266 550 2322 quas
574 2240 823 2314 trabant-emeterius
846 2248 909 2313 vira,
933 2247 980 2303 sed

170 2355 175 2366 ‘
195 2341 322 2408 intereas
338 2333 454 2411 posuerit
469 2357 573 2406 causas,
590 2343 649 2396 sine
663 2340 759 2412 gruibus
772 2339 839 2395 elici
863 2354 915 2394 non
934 2354 982 2409 po-

195 2442 260 2500 test,
277 2448 337 2489 cum
362 2441 450 2488 tamen
476 2442 538 2503 agrt
560 2433 658 2502 aliquid
680 2442 760 2502 atque
781 2439 895 2486 moreat.
915 2428 981 2484 Natu

183 2524 254 2590 ipsa
272 2525 427 2591 congressio
449 2522 549 2593 aliquid
566 2524 672 2577 uidetur
686 2523 805 2589 elicere,
833 2519 982 2590 similisque

196 2621 239 2668 est
256 2612 281 2666 ei
303 2626 389 2693 causae
408 2628 467 2683 quae
481 2614 537 2680 ipsa
552 2612 658 2682 uiridem
674 2612 752 2668 babet
764 2610 897 2667 eliciendi
916 2610 981 2679 sint,

103 2727 108 2734 ⁸
198 2702 246 2760 sed
259 2705 318 2760 sine
331 2703 494 2760 adminiculo
504 2720 557 2759 non
572 2715 672 2777 potest,
688 2707 768 2760 veluti
782 2720 841 2759 curn
855 2704 984 2773 quaritur

196 2793 230 2849 de
241 2793 370 2863 sapientia
385 2810 419 2848 an
435 2795 490 2850 sola
503 2795 609 2850 bettona
626 2795 709 2865 possit
728 2794 845 2849 elicere.
859 2795 912 2850 Sed
930 2794 983 2849 lle·

198 2887 330 2943 robaudes
342 2887 434 2942 rhetor
446 2888 482 2941 its
494 2888 635 2953 disseruit,
658 2904 749 2942 earum
760 2901 909 2967 causarum,
924 2901 983 2956 que

195 2977 328 3058 eliciendi
352 2979 405 3064 tim
430 2979 569 3045 baberent,
597 2995 656 3034 eam
682 2992 742 3034 esse
771 2978 933 3040 laenitatem,
955 2984 982 3030 ut

1032 1804 1124 1869 elicit,
1140 1802 1250 1858 eiectus
1263 1802 1343 1857 etiam
1359 1809 1518 1856 uecesseest
1531 1799 1821 1869 consequeremini

1031 1895 1054 1949 si
1069 1894 1152 1948 salem
1164 1893 1281 1947 adfuisse
1294 1893 1353 1963 quis
1365 1893 1471 1957 dixerit,
1480 1891 1565 1944 lucem
1579 1904 1686 1961 garoque
1698 1888 1821 1946 adluisse

1032 1981 1201 2047 monstrabit,
1226 1991 1272 2036 sut
1285 1997 1346 2037 enm
1357 1980 1440 2035 alicui
1455 1979 1550 2034 adesse
1568 1978 1727 2047 sapientiam
1741 1979 1821 2034 dise·

1032 2071 1128 2135 rimus,
1152 2072 1299 2138 sapientem
1323 2083 1434 2125 neeesse
1452 2077 1494 2125 est
1515 2068 1654 2124 fateamur.
1679 2067 1712 2123 is
1735 2067 1824 2124 iubis

1033 2162 1122 2217 causis
1140 2160 1316 2216 elicientibus
1334 2175 1393 2228 quae
1411 2159 1584 2229 extrapositis
1608 2157 1821 2228 indigentadju·

1034 2256 1141 2318 mentis,
1154 2270 1207 2308 uon
1222 2255 1316 2310 undem
1328 2256 1395 2309 ratio
1408 2263 1448 2310 est
1461 2270 1469 2320 ς
1481 2269 1568 2323 neque
1581 2253 1651 2310 enim
1665 2265 1825 2325 usqueque

1034 2348 1186 2417 hujusmodi
1198 2362 1277 2402 causa
1291 2348 1397 2412 dicitur,
1411 2348 1445 2402 ita
1457 2356 1623 2402 necesse-est
1632 2340 1751 2402 eiectum
1767 2332 1816 2406 se-

1033 2438 1089 2507 qui.
1113 2435 1169 2490 lion
1194 2438 1265 2490 euim
1289 2435 1439 2504 hujusmodi
1454 2449 1535 2490 causa
1559 2433 1709 2491 necessario
1731 2418 1820 2501 elicii

1034 2528 1184 2597 quodvult,
1201 2525 1250 2581 nisi
1268 2527 1439 2593 extrapositis
1454 2523 1560 2579 attsiliis
1573 2524 1728 2591 adjunctum
1745 2525 1819 2577 idem

1035 2626 1075 2671 est
1088 2618 1169 2672 etiam
1181 2617 1210 2672 in
1224 2631 1254 2669 ea
1265 2605 1344 2670 eausa
1359 2630 1417 2684 quse
1427 2615 1484 2684 ipsa
1498 2604 1605 2683 quiem
1618 2612 1752 2694 eliciendi
1764 2614 1822 2666 sim

1034 2724 1087 2764 non
1100 2709 1188 2772 babet,
1210 2708 1258 2763 sed
1271 2708 1329 2762 sine
1343 2721 1374 2762 ea
1389 2723 1440 2762 uon
1465 2705 1587 2775 provenit
1603 2703 1724 2760 ellectus.
1741 2703 1821 2773 Nata,

1035 2816 1063 2876 ut
1073 2802 1176 2857 Tullius
1189 2815 1294 2871 guoque
1307 2806 1509 2866 commemorat,
1521 2796 1620 2850 nullam
1632 2796 1658 2850 in
1670 2794 1824 2852 eliciendis

1035 2893 1115 2947 rebus
1129 2891 1237 2945 adbibet
1252 2876 1449 2952 tuccessisatem,
1470 2896 1549 2956 atque
1566 2886 1626 2940 ideo
1647 2885 1718 2940 dicta
1740 2896 1823 2941 causa

1036 2986 1088 3040 uon
1103 2983 1192 3038 statim
1207 2979 1456 3051 seumtmellectns.
1468 2977 1559 3049 Neque
1569 2978 1643 3032 enim
1655 2977 1678 3033 si
1691 2991 1823 3047 congres-

150 3139 159 3149 η
197 3072 302 3129 οιὶοιοεί
326 3074 487 3144 adjumentis
511 3076 678 3130 extrinsecus
703 3073 848 3142 indigeant,
873 3062 1019 3128 etleeust
1035 3093 1082 3134 sus
1093 3087 1146 3145 est,
1161 3091 1222 3130 mox
1237 3075 1347 3138 amauit,
1358 3087 1411 3127 nec
1421 3073 1444 3126 sl
1459 3071 1508 3124 luit
1522 3085 1568 3135 as,
1585 3079 1699 3126 statuam
1713 3082 1825 3139 ustoque

153 3162 161 3172 '
197 3169 287 3224 minen
301 3180 392 3221 eartrm
407 3165 439 3220 ad
455 3166 481 3220 id
495 3174 597 3234 spectet
611 3165 689 3239 οιιοοΙ
703 3163 871 3220 eliciendam
884 3173 935 3217 est.
950 3165 985 3217 bt

201 3254 229 3308 in
245 3253 286 3308 bis
298 3255 387 3309 causis
406 3271 465 3325 que
480 3263 542 3310 sunt
557 3256 749 3322 precursoris,
765 3252 869 3307 etiamsi
883 3253 923 3306 eis
934 3267 983 3306 au·

199 3344 381 3398 troadensibus
392 3345 491 3413 aliquid
506 3346 605 3408 existit,
623 3359 674 3398 non
686 3356 775 3398 taurea
790 3343 817 3396 id
839 3341 908 3412 quud
928 3342 986 3396 exi·

198 3440 270 3485 stcre
280 3431 438 3501 intelligitur
446 3435 589 3500 procursio
601 3415 923 3502 principalitcxoperatur.
931 3430 985 3486 Sed

199 3522 249 3589 ista
259 3519 364 3588 quidem
374 3521 628 3591 relutimbquatlam
636 3521 776 3575 occasione
785 3519 986 3588 praecurrit.ilia

199 3609 985 3684 temroslquaeetisteredieitur,aliisopcrantibusnascitur,

204 3699 987 3774 veirstincongressionesolum[ertsolitumilestieri.For-

201 3800 273 3847 tasse
284 3794 356 3848 euim
369 3807 420 3846 nna
434 3794 795 3863 propteramoremuuisrpue
804 3791 986 3863 congreditur,

201 3884 249 3947 sed
275 3883 443 3954 praecedente
469 3883 658 3952 congressione
680 3894 756 3936 autor
778 3882 883 3951 existit,
907 3899 988 3953 qtreut

201 3988 255 4028 non
275 3972 625 4043 congress.a.prtactpattnr
639 3973 793 4044 appetebat.
812 3973 902 4044 ltaque
919 3989 988 4045 quo·

202 4061 272 4141 ariam
289 4073 385 4130 praeter
410 4064 626 4133 congressionem
642 4078 718 4117 artior
732 4063 849 4118 existere
872 4077 924 4118 nors
940 4077 990 4132 po*

202 4155 262 4217 tuit,
276 4163 348 4206 recte
362 4153 432 4206 iuter
445 4168 491 4205 eas
501 4168 594 4207 catrsas
609 4142 763 4222 congressio
785 4153 870 4207 locata
886 4154 990 4209 ridetur

203 4244 260 4298 siae
271 4242 366 4313 qrrirus
381 4259 434 4297 non
449 4243 575 4310 elicitum
591 4245 718 4311 quoniam
730 4258 795 4298 vero
810 4261 861 4297 nrm
872 4243 954 4298 elicit
964 4243 988 4298 vt

203 4345 262 4397 stra,
286 4333 501 4402 nttanduquidem
517 4348 565 4387 nee
582 4333 765 4402 principaliter
777 4343 804 4385 ut
815 4333 990 4403 eliciat,spe·

1036 3169 1119 3224 luisse
1133 3181 1243 3222 necesse
1258 3173 1308 3228 est,
1324 3179 1356 3218 ex
1371 3167 1425 3232 ὀοο
1435 3162 1546 3216 aliamm
1560 3175 1701 3215 causarum
1715 3159 1825 3230 partitio

1037 3261 1164 3314 nascitur.
1187 3257 1255 3314 Alite
1277 3269 1392 3324 namque
1405 3267 1493 3308 causa
1507 3261 1569 3307 sunt
1582 3251 1752 3312 necessarie,
1765 3248 1825 3306 sliu

1036 3351 1156 3405 minime.
1168 3349 1225 3402 Non
1237 3346 1445 3401 necessariarum
1457 3341 1752 3409 aliusuntelicientes,
1761 3339 1823 3396 allae

1036 3439 1094 3518 sine
1108 3437 1203 3506 quibus
1215 3452 1268 3491 non
1281 3437 1407 3490 elicitur.
1422 3433 1638 3489 Necessariarum
1651 3447 1718 3487 vero
1731 3445 1826 3486 causa·

1037 3545 1096 3583 rrxm
1110 3529 1248 3584 conclusio
1272 3543 1331 3585 non,
1350 3529 1418 3582 solet
1432 3525 1592 3581 conturbare
1604 3542 1611 3588 ;
1639 3535 1668 3579 ut
1682 3523 1755 3579 enirn
1766 3522 1826 3577 baec

1037 3634 1117 3674 eausa
1130 3618 1300 3686 lueritdicta,
1317 3620 1406 3672 statim
1429 3618 1455 3671 in
1478 3605 1651 3671 conclusione
1676 3623 1829 3685 secuuntur

1038 3710 1160 3764 eiectus.
1176 3707 1233 3766 lion
1256 3706 1468 3764 necessariarum
1483 3721 1557 3771 sero,
1579 3712 1715 3775 quaesunt
1729 3704 1827 3772 partina

1039 3801 1199 3865 elicientes,
1223 3799 1293 3869 quod
1320 3813 1393 3874 titane
1417 3798 1508 3862 tacuit,
1521 3796 1567 3851 sed
1582 3794 1660 3864 paulo
1675 3801 1740 3849 aute
1752 3806 1827 3864 *pro-

1039 3893 1120 3957 dixit,
1135 3906 1188 3946 uun
1210 3891 1308 3946 babent
1321 3889 1527 3954 subsequentem
1541 3885 1643 3941 ellectu
1666 3885 1706 3940 rei
1718 3883 1829 3940 conclu·

1039 3985 1153 4038 sionem.
1169 3982 1260 4050 Neque
1280 3982 1350 4051 enirn
1377 3979 1401 4032 si
1428 3979 1505 4032 liberi
1527 3976 1587 4031 sine
1604 3976 1757 4044 paretttibus
1773 3989 1826 4029 non

1040 4085 1111 4141 sunt,
1129 4075 1228 4128 idcirco
1242 4073 1267 4129 in
1279 4072 1432 4140 parentibus
1443 4068 1576 4122 eliciendi
1588 4081 1666 4120 caasa
1677 4065 1824 4120 necessaria

1041 4166 1100 4230 luit,
1121 4181 1180 4219 eum
1200 4163 1339 4219 uideamus
1354 4161 1380 4216 in
1404 4159 1541 4214 bominum
1566 4169 1627 4211 esse
1641 4161 1766 4224 potestate
1788 4167 1824 4207 uo

1040 4259 1157 4325 gignant.
1175 4255 1212 4308 lia
1226 4254 1382 4308 sero‘causa
1403 4265 1461 4320 qaam
1474 4251 1530 4317 ipsa
1546 4247 1653 4312 uuidem
1668 4256 1720 4300 nott
1731 4243 1826 4309 elicit,

1041 4347 1088 4400 soal
1104 4346 1162 4399 sine
1187 4344 1243 4412 ipsa
1258 4342 1328 4397 elici
1342 4356 1394 4395 non
1411 4349 1509 4407 potest,
1522 4336 1672 4406 huiusmodi
1683 4346 1724 4391 ost
1737 4350 1830 4408 quem·-

199 4422 1183 4492 statuasarrtameaanteattqaatextstiurectetrrterpra-1),amodum
1200 4432 1319 4488 Enniano
1329 4446 1407 4484 vggsu
1421 4430 1583 4482 declaratur,
1597 4426 1652 4480 lel
1665 4425 1737 4481 enim
1757 4425 1831 4479 gegi-

205 4514 349 4578 cursorias,
359 4515 525 4570 aetionlnter
538 4513 783 4569 ellieletttescausas
796 4523 838 4569 est
849 4513 988 4569 collocata.

240 4623 393 4687 Quaererem
404 4625 432 4677 iu
442 4607 639 4693 disputationem
650 4605 768 4678 inciderit
781 4640 860 4678 rossa
870 4605 993 4695 efficiens,

203 4712 302 4783 aliquid
316 4717 520 4769 necessariosine
528 4716 686 4770 dubitatione
698 4715 793 4780 licebit,
805 4717 873 4784 quod
887 4717 992 4786 efficitur

146 4844 151 4853 .
205 4806 236 4859 nb
249 4822 278 4859 ee
292 4822 369 4860 causa
387 4809 546 4862 concludere.
558 4806 623 4861 Cim
633 4818 717 4862 antem
730 4809 788 4862 tolia
802 4824 878 4863 ceusu
890 4810 947 4873 erit,
962 4819 990 4863 ut

204 4899 232 4951 in
244 4915 275 4966 ee
288 4900 382 4952 nonsit
399 4900 523 4969 efficiendi
544 4902 689 4963 necessitas,
705 4901 848 4955 necessaris
862 4901 992 4954 certclttsio

206 5004 257 5041 nen
267 4991 389 5057 sequitur.
403 4992 483 5056 itque
492 4990 557 5043 illud
565 4992 667 5059 quidem
678 5007 757 5060 genus
770 5006 913 5052 comarum,
924 4990 992 5057 gued

206 5081 280 5134 babet
295 5083 344 5135 uim
358 5084 481 5153 efficiendi
501 5084 678 5151 necessariam,
700 5098 811 5136 errorent
826 5082 920 5150 efferre
940 5099 992 5136 nnn

207 5177 342 5242 [assolet.
355 5176 413 5230 lloc
424 5187 509 5230 autern
520 5179 575 5232 sine
588 5193 638 5244 quo
653 5193 703 5229 nen
715 5177 831 5247 efficitur,
851 5191 918 5245 crepe
928 5191 991 5229 con·

208 5266 302 5318 turbat.
319 5266 346 5322 N
348 5285 380 5320 ou
399 5270 467 5322 eninr
488 5271 510 5321 si
523 5270 576 5323 sine
590 5267 735 5338 parentibus
746 5265 796 5335 ptis·
808 5282 861 5319 esse
871 5281 921 5352 nugs
935 5282 994 5331 pos·

122 5404 125 5407 Α
197 5364 276 5416 suut,
293 5369 425 5425 propterea
449 5375 528 5412 conso
541 5361 590 5429 [th
611 5359 638 5409 in
656 5357 802 5427 parentibus
817 5356 937 5427 gignendi
950 5372 994 5410 ne·

181 5459 192 5479 ·
210 5448 340 5514 cessosio,·
352 5448 487 5518 lrncigitar·
496 5452 552 5504 sine
561 5465 609 5519 guo
622 5465 673 5503 uon
686 5449 726 5518 pt,
741 5448 773 5501 oi
784 5464 814 5501 ee
827 5449 854 5501 in
868 5463 917 5516 que
928 5458 995 5502 certe

208 5534 251 5599 it,
261 5533 394 5604 diligenter
404 5549 439 5594 est
450 5541 631 5608 uperendmn.
643 5536 716 5591 lllad
726 5538 792 5593 enim
803 5544 839 5592 est
853 5544 990 5607 tanguam:

211 5618 318 5696 itineris
329 5643 360 5681 ne
373 5629 399 5682 in
410 5645 510 5684 nernnre
528 5631 600 5686 Pelio
614 5629 761 5701 recidissent
773 5630 885 5700 oiiegnoe
898 5628 932 5682 od
944 5635 995 5680 ter·

1044 4529 1147 4583 dissent
1165 4526 1285 4593 abiegnus
1311 4524 1399 4578 trabes
1419 4523 1451 4576 ad
1477 4531 1586 4584 terrant,
1600 4519 1672 4586 Argo
1698 4518 1741 4571 illa
1761 4513 1830 4571 laeta

1044 4637 1096 4677 non
1111 4628 1192 4676 esset.
1212 4618 1252 4673 lis
1272 4616 1390 4671 trabibus
1410 4628 1524 4682 namque
1548 4612 1621 4681 Argo
1636 4611 1704 4664 lacta
1717 4618 1767 4673 est,
1783 4607 1831 4663 sed

1045 4716 1115 4770 nulla
1132 4713 1217 4767 inerat
1236 4711 1357 4766 trabibus
1379 4708 1537 4768 necessitas,
1553 4717 1580 4758 ut
1593 4719 1626 4759 ex
1641 4705 1681 4759 eis
1694 4703 1770 4757 lieret
1785 4718 1832 4757 ns·

1045 4807 1100 4868 uis;
1111 4812 1139 4858 at
1151 4818 1215 4858 sero
1230 4816 1261 4857 ea
1272 4815 1351 4855 esttsa
1364 4813 1424 4867 guas
1444 4805 1486 4852 est
1498 4798 1631 4861 eliciens,
1646 4803 1673 4851 et
1686 4811 1746 4866 que
1760 4792 1786 4850 in
1801 4811 1832 4850 se

1044 4915 1119 4954 stram
1131 4874 1465 4956 contiuet⁰ueeessitatem,
1478 4890 1538 4944 talis
1552 4902 1601 4946 est.
1623 4890 1707 4956 Ortale
1721 4904 1782 4943 curn
1802 4889 1830 4943 in

1044 4990 1243 5056 ijacisnauem
1260 4985 1364 5051 igneum
1388 4980 1576 5047 eri-pisaleans
1591 4980 1689 5033 tulmen
1705 4979 1831 5047 injectum

1046 5087 1096 5143 est,
1125 5075 1214 5130 statim
1236 5073 1307 5126 enim
1327 5070 1436 5126 accendi
1457 5084 1567 5124 necesse
1585 5077 1627 5122 est
1645 5067 1746 5123 nanim.
1769 5066 1832 5121 onia

1046 5170 1116 5235 ignis
1126 5164 1289 5222 accendendi
1304 5162 1453 5218 necessaria
1464 5175 1544 5215 causa
1559 5169 1610 5224 est;
1626 5170 1654 5216 et
1665 5174 1760 5215 sensus
1775 5163 1835 5229 qui·

1044 5265 1104 5319 dem
1118 5271 1161 5318 est
1173 5258 1343 5330 hujusmodi,
1365 5258 1431 5312 ordo
1445 5267 1531 5320 nartem
1543 5257 1622 5325 paulo
1634 5257 1770 5311 caniusier
1779 5263 1832 5323 est,

1044 5355 1083 5409 ait
1094 5354 1164 5408 enim
1179 5352 1230 5406 boc
1244 5349 1322 5404 medo
1337 5366 1345 5401 t
1360 5352 1447 5415 dtuue
1469 5348 1534 5400 illud
1548 5349 1654 5418 attidem
1676 5363 1759 5419 genus
1771 5363 1835 5404 esu-

1045 5461 1147 5510 sarum,
1163 5443 1232 5514 quod
1245 5442 1326 5496 babet
1338 5441 1392 5494 sim
1406 5439 1539 5496 eliciendi
1555 5441 1834 5506 neeessariamerrn-
1879 5468 1882 5472 -

1047 5550 1103 5593 rem
1117 5515 1213 5590 nieme
1235 5547 1289 5588 nun
1309 5531 1366 5586 lere
1378 5532 1459 5594 solet;
1474 5531 1525 5585 boc
1540 5541 1627 5587 antem
1642 5531 1700 5584 siue
1713 5543 1768 5599 nuo
1780 5544 1835 5584 non

1047 5626 1174 5693 elicitur,
1198 5638 1270 5695 sepe
1284 5619 1434 5678 conturbat.
1451 5620 1526 5687 Quod
1542 5635 1601 5676 cum
1616 5620 1739 5685 dixisset,
1754 5634 1836 5674 curn·
