3946 6186
123 299 188 360 taut

614 299 772 354 eludunt!
794 299 967 353 Pontium
987 298 1246 354 conduximus.

1676 303 1744 364 lm

157 418 249 489 Neque
268 420 336 474 enirn
356 417 482 470 medicine
495 432 591 482 retttper
609 415 683 484 oeqrir
694 410 769 476 offert
783 413 902 472 relucent,
922 417 943 471 ‚t
957 413 1067 474 ¹entire,
1083 421 1110 465 ct
1124 413 1193 477 quud
1215 411 1434 475 reuerentiam,
1450 412 1609 480 theologicis
1631 416 1742 474 rationi·

123 487 502 560 propterquamllt.Sedttitllo
511 486 642 553 critrulpa
653 483 797 551 medentis}
811 483 836 533 ld
852 495 903 545 est,

121 577 166 617 trs
180 561 260 616 ltaltet
279 560 396 614 deltitum
420 563 509 621 tinem,
523 563 544 611 ει
559 556 624 610 niltil
650 569 742 607 eornm
761 567 820 620 quae
848 554 903 605 lieri

122 632 271 699 oportebat,
287 630 313 684 id
335 640 377 683 est
390 644 448 696 quat
464 642 508 681 ars
528 626 646 680 laeiettda
665 625 790 706 dpceltat,
806 622 905 676 omise-

121 705 166 756 rit.
183 702 308 767 idemque
322 708 363 753 est
376 701 402 751 in
415 699 518 752 caeteris
533 700 644 750 εειιιεει.
665 696 740 748 Steut
756 696 826 747 cuitu
847 706 905 745 me·

120 772 217 825 dicium
241 770 356 823 osticium
378 777 419 821 est
441 781 575 835 apponere
597 767 768 825 adsalutem,
785 764 824 816 sic
845 762 905 818 linis

121 842 201 896 ollicii
223 850 262 893 est
286 857 338 892 nou
353 853 449 891 sanare
470 839 602 895 altsolute.
626 836 673 889 soil
688 834 841 901 nppnsitttra
862 848 905 887 sa-

121 927 196 965 nare.
210 911 338 964 Similiter
351 917 378 962 et
394 908 436 961 ltic
447 907 564 960 aucturis
579 906 696 959 ulstcittttt
710 916 761 966 est,
779 904 904 968 multipli-

121 982 227 1035 citatem
242 994 294 1047 qua
308 981 479 1045 qitaestioucm
492 977 645 1043 implicitant
658 977 807 1028 intellectus
821 973 902 1034 ridet,

121 1051 153 1103 od
166 1066 224 1103 eam
239 1047 435 1102 dissolvendam
451 1047 581 1101 dividere.
597 1046 669 1100 Finis
684 1058 770 1098 auteur
791 1054 833 1096 εει
852 1059 903 1097 uon

120 1121 277 1187 sintpttctutr
287 1119 347 1172 dico
360 1117 518 1178 dtssulrere,
530 1118 577 1170 scd
592 1116 725 1169 divisione
740 1115 903 1177 tlissnlvcre3

121 1201 148 1243 et
163 1191 305 1243 incaeteris
325 1188 444 1256 quidem,
456 1190 478 1239 si
501 1203 579 1253 quem
605 1187 807 1239 marcomannus
823 1185 902 1237 linem

65 1268 69 1291 ι
122 1269 207 1323 putat,
222 1275 273 1313 uon
293 1260 393 1322 creuit,
426 1268 517 1311 auctor
541 1257 661 1310 iaciendo
685 1257 757 1323 duod
779 1258 904 1308 convenit

119 1343 224 1382 voutam
242 1339 419 1396 promeretur.
436 1330 469 1381 tlt
490 1337 589 1397 quanto
610 1326 665 1378 ltaue
679 1325 790 1393 quaestio
810 1324 905 1378 uttttet-

119 1397 235 1463 liorem,
252 1402 313 1464 quia
328 1401 492 1452 occultarum
518 1399 674 1451 diversitate
698 1395 829 1448 rationum
855 1395 903 1448 int·

121 1467 222 1537 plicita,
240 1477 312 1521 tauto
328 1468 430 1522 facilior
453 1469 532 1520 debet
556 1483 615 1520 esse
636 1466 668 1519 ad
691 1467 805 1518 veniam.
824 1464 904 1519 Vultis

121 1547 209 1593 tamen
219 1557 226 1592 ι
238 1540 325 1609 εειει,
342 1540 363 1592 si
379 1541 403 1591 in
415 1554 444 1592 re
458 1539 525 1592 adeo
537 1536 638 1590 dillleili
653 1550 696 1588 ars
708 1546 782 1589 caret
795 1547 903 1600 eremo,

122 1607 209 1663 incilis
222 1609 297 1661 reuia
310 1610 373 1662 mitti
396 1609 519 1662 delictor.
535 1609 592 1661 lt'un
609 1617 696 1660 tameo
713 1621 746 1659 et
763 1606 829 1659 meis
847 1620 903 1658 om-

958 482 1006 535 ltns
1022 484 1124 544 probat.
1138 482 1237 548 Quasi:
1255 481 1333 535 Fides
1348 481 1505 538 universalis
1520 500 1633 538 tnamme
1647 490 1741 556 pellet.

956 552 1037 617 Cujus
1053 556 1113 606 littei
1133 554 1266 606 sententia
1288 554 1320 605 tle
1332 553 1479 615 Trinitatis,
1495 554 1519 608 id
1535 564 1577 608 est
1594 556 1672 612 trium
1689 577 1739 612 nu·

957 639 1032 675 mero
1047 626 1214 678 diversorum
1226 638 1411 690 personarum,
1426 624 1536 687 imitate,
1553 626 1578 677 id
1593 639 1634 679 est
1649 634 1739 697 singn-

957 692 1061 746 laritatc
1077 695 1223 747 secuudum
1239 697 1393 753 essentiam.
1409 695 1458 746 lmc
1473 705 1523 752 εει.
1535 712 1594 764 qum
1609 700 1739 763 sequitur.

957 762 1159 829 lnquiuntenitn
1170 763 1278 817 lideles:
1292 764 1369 817 Pater
1378 776 1416 815 rst
1429 764 1510 828 licus,
1520 764 1650 822 littinsest
1660 769 1739 826 [leus.

955 833 1073 900 Spiritus
1093 845 1202 887 soni-tus
1222 842 1265 888 εει
1286 834 1372 897 ileum
1394 844 1475 902 atque
1498 835 1636 890 inierunt:
1659 838 1740 907 igitur

956 901 1046 968 Pater,
1065 914 1091 958 ει
1106 904 1125 957 F
1129 905 1200 967 ilius,
1212 914 1239 958 et
1258 904 1372 969 Spiritus
1388 917 1506 966 sauctus,
1520 917 1582 958 suut
1596 923 1665 962 mtus
1686 911 1741 962 sin.

954 976 1096 1041 gulositate
1110 975 1235 1029 essentiis
1251 973 1330 1036 lleus,
1346 990 1397 1026 tntu
1420 984 1474 1027 tres
1493 975 1542 1034 ilii,
1560 978 1585 1028 id
1605 986 1662 1044 est,
1677 991 1740 1035 runt

956 1060 1036 1098 uuum
1057 1045 1176 1099 omnium
1190 1060 1263 1105 esse.
1278 1059 1330 1096 nott
1350 1044 1409 1096 tria.
1428 1044 1459 1097 Et
1478 1046 1585 1101 attende
1600 1050 1670 1116 iptod
1686 1067 1738 1103 nott

955 1116 1102 1170 secuudum
1116 1117 1286 1171 naturalium.
1302 1115 1348 1167 sed
1362 1116 1508 1167 secundum
1529 1118 1736 1184 tlteolugicoruut

956 1188 1089 1253 propriam
1116 1189 1245 1238 rationem
1275 1184 1331 1238 ltotc
1356 1185 1481 1237 inierunt.
1503 1184 1567 1239 dau
1591 1192 1738 1244 secuudum

956 1257 1116 1309 naturalium
1145 1257 1285 1311 rationem.
1301 1269 1361 1321 quat
1379 1264 1420 1308 est
1440 1271 1552 1310 mutiero
1571 1258 1737 1317 diversorum

955 1326 1075 1381 dirersas
1099 1342 1209 1380 numeru
1234 1339 1295 1378 csse
1310 1335 1427 1389 naturas,
1442 1341 1534 1380 cutura
1559 1331 1664 1394 evenit,
1689 1343 1737 1392 ut:

956 1395 1031 1449 Plato
1049 1405 1090 1450 εει
1115 1397 1204 1461 immo,
1224 1397 1319 1449 Cicero
1338 1407 1379 1449 εει
1401 1397 1497 1460 ltortru,
1519 1398 1677 1455 Aristoteles
1696 1418 1738 1458 est

955 1465 1045 1519 lrnmo.
1061 1468 1141 1534 igitur
1166 1467 1252 1528 Plato,
1277 1474 1305 1519 et
1326 1466 1430 1526 dicent.
1452 1481 1477 1521 et
1499 1472 1656 1524 aristoteles
1676 1488 1735 1528 sunt
1752 1464 1764 1485 ¹

955 1545 1010 1590 tres
1032 1537 1162 1601 homiues,
1180 1553 1232 1590 uon
1257 1551 1325 1590 unus
1349 1537 1531 1605 singularitate
1558 1540 1738 1599 subsistentias

955 1613 1044 1658 tronto.
1058 1606 1123 1661 Cum
1138 1610 1208 1661 euim
1220 1606 1331 1660 dicitur:
1344 1606 1419 1660 Plato
1430 1616 1470 1659 εει
1488 1608 1576 1671 liuttto,
1589 1613 1684 1668 Cicero
1698 1629 1740 1670 εει

119 1679 164 1732 nia
179 1695 237 1747 quae
247 1680 279 1732 ad
297 1680 365 1733 lianc
377 1680 550 1748 quaestionem
562 1676 715 1731 soluendam
732 1677 901 1729 inducuntur.
956 1677 1045 1735 ltotnn.
1064 1679 1220 1731 Aristoteles
1234 1685 1276 1730 εει
1296 1675 1385 1731 ltuoto.
1404 1692 1456 1729 uon
1470 1679 1556 1732 solum
1567 1682 1600 1733 de
1614 1684 1677 1746 atio,
1690 1691 1738 1741 nen

121 1747 204 1802 lloltis
218 1751 288 1802 euim
302 1750 380 1803 etiam
399 1749 461 1803 illud
480 1749 672 1817 inspiciendum
687 1756 726 1800 εει
741 1760 767 1799 ει
780 1747 902 1798 attentis·
919 1777 939 1833 B
954 1756 980 1798 ct
994 1749 1179 1817 singularitate
1202 1747 1261 1810 sui,
1278 1747 1356 1800 aliter
1368 1746 1465 1802 dieitur
1485 1751 1602 1805 rectruda
1620 1754 1738 1810 at'tiruu.

119 1820 188 1872 sime
208 1820 363 1882 notandum,
379 1836 410 1872 au
432 1821 546 1883 seruitia,
564 1819 644 1871 idest
665 1817 794 1884 principia
817 1816 900 1869 ratio·
954 1817 1026 1871 tione
1060 1834 1138 1881 urtam
1164 1820 1265 1882 primo,
1291 1828 1318 1871 et
1336 1817 1414 1873 aliter
1436 1820 1512 1872 tertia
1530 1835 1609 1888 quatit
1636 1827 1738 1892 prime,

121 1904 184 1942 num
193 1892 324 1943 venientia
335 1891 361 1944 itt
371 1906 418 1943 nos
428 1906 459 1943 ει
470 1889 576 1956 scriptis
586 1888 655 1943 beati
667 1888 899 1956 Augrtstiuiextc·

121 1959 203 2013 leriut
227 1961 329 2029 aliquos
358 1959 486 2014 fructos:
512 1963 596 2026 quasi,
621 1969 729 2012 auctttre
756 1955 901 2024 tlttgustittu

120 2029 226 2097 scripsi.
249 2031 316 2084 liam
343 2045 508 2099 quincunque
531 2031 565 2083 de
590 2029 640 2082 itae
665 2026 812 2095 questione
835 2027 899 2091 diti,

120 2103 242 2166 quamvis
256 2102 289 2154 :tlt
303 2101 360 2169 ejus
375 2101 463 2154 verbis
486 2100 591 2154 tliccudi
614 2097 737 2151 differant
761 2097 900 2166 qualitate,

120 2183 201 2223 seusu
228 2183 315 2225 tamen
339 2172 508 2232 cottteuiuttt,
530 2180 555 2223 et
578 2185 612 2223 etr
639 2169 776 2222 intellectu
798 2180 850 2234 quo
872 2182 902 2220 εε

120 2241 259 2307 scripsisse
282 2241 413 2311 siguilicat
433 2243 543 2295 deductu
565 2248 636 2294 suut.
653 2242 692 2292 llc
710 2239 744 2293 do
767 2237 900 2306 proposita

121 2311 269 2380 quaestione
281 2312 344 2366 ltiuc
358 2326 493 2364 suutaums
504 2311 618 2364 initiunt.

156 2378 308 2434 liltrirtionte
328 2383 467 2451 reliqionir,
483 2380 552 2451 ete]
570 2379 671 2448 lleligio
682 2378 751 2447 juris
773 2376 902 2431 naturalis

120 2451 203 2518 prima
217 2452 350 2520 speciosa
369 2451 490 2519 plur-ilius
512 2451 629 2519 punitur,
653 2448 798 2502 seeundum
822 2462 900 2515 quam

120 2537 147 2575 m
159 2523 281 2575 liutuattis
295 2522 390 2576 olticiis
401 2521 511 2591 justitias
526 2520 610 2574 virtus
636 2519 745 2573 εειιιεει
765 2520 818 2572 lieo
831 2518 901 2586 quod

122 2591 155 2644 ad
171 2591 253 2658 ipsius
267 2591 429 2658 singularem
450 2591 566 2661 pertinet
587 2592 743 2659 dignitatem
760 2606 767 2639 ι
783 2593 853 2642 ειεει
874 2588 900 2642 ιιι

120 2661 220 2715 eisdem
240 2663 345 2725 eadent,
366 2665 510 2715 secuudum
523 2674 634 2716 ceteras
655 2659 776 2726 cjtisderu
797 2660 902 2729 generis

121 2733 235 2798 species,
252 2749 312 2797 ειιει
325 2743 396 2794 ειιιιι,
413 2735 513 2799 pietas,
529 2734 622 2799 gratia,
640 2729 794 2786 riinlicatio.
807 2729 900 2783 oliser·

121 2800 221 2863 varitia,
237 2805 347 2863 veritas,
364 2803 449 2856 reddit
467 2803 619 2856 liomiuiltus
641 2802 711 2869 quod
737 2800 769 2853 ad
793 2815 901 2853 eorum·

122 2871 184 2924 deut
200 2871 249 2925 solt
264 2873 320 2940 ipso
334 2873 557 2927 ordinatissimam
578 2873 693 2938 pertinet
707 2871 900 2924 tlirersitatem.

954 1887 996 1940 rel
1011 1891 1137 1942 seerutdrt.
1154 1891 1281 1952 duamur
1296 1889 1367 1941 euim
1383 1889 1501 1943 secundat
1516 1899 1544 1944 et
1558 1894 1632 1946 tertia
1646 1899 1738 1961 primae

954 1958 1151 2022 praedicativum
1166 1967 1288 2025 repetant
1303 1972 1417 2022 nomen,
1432 1973 1489 2013 rem
1507 1971 1595 2017 tamen
1612 1965 1739 2029 pradica-

954 2035 1007 2078 tam
1024 2044 1076 2081 nun
1091 2039 1226 2096 repetttttt;
1252 2029 1299 2082 sed
1325 2030 1447 2096 quamvis
1468 2031 1631 2098 conlnrntcs,
1648 2045 1737 2094 umen

952 2096 1091 2154 diversas:
1106 2101 1159 2153 imo
1169 2100 1229 2168 quia
1241 2097 1404 2162 conformes,
1418 2114 1483 2168 ergo
1497 2116 1608 2156 numero
1618 2107 1738 2164 ditersas

952 2182 966 2218 a
980 2181 1010 2221 se
1026 2170 1138 2222 invicem
1155 2182 1263 2222 naturas
1279 2169 1312 2221 de
1333 2184 1473 2225 uumeroa
1494 2186 1524 2223 se
1538 2175 1650 2229 dirersis
1664 2176 1737 2232 aldr-

954 2248 1037 2304 mant,
1051 2250 1078 2292 ει
1096 2242 1152 2292 lucc
1170 2241 1249 2293 trium
1273 2238 1307 2293 de
1318 2240 1403 2292 trilius
1417 2241 1619 2307 predicatorum
1642 2261 1737 2305 trecen.

952 2310 1021 2386 saria
1037 2309 1184 2365 differentia
1201 2326 1253 2364 nou
1277 2311 1374 2376 patitui·
1396 2312 1464 2362 itane
1485 2313 1692 2381 adunationem,
1708 2331 1738 2374 ut

953 2377 1063 2456 dicatur,
1081 2381 1172 2443 l‘lnto,
1192 2379 1344 2444 eiCicero,
1361 2389 1388 2434 ει
1401 2380 1575 2439 Aristoteles.
1592 2396 1654 2439 runt
1668 2405 1736 2445 suns

952 2449 1121 2528 sittgulariter
1135 2452 1224 2504 trumo.
1239 2451 1303 2506 Cum
1314 2450 1492 2512 verodicitur,
1509 2452 1585 2507 Pater
1596 2466 1639 2510 e-t
1652 2458 1736 2526 lleus,

953 2517 1035 2597 lilius
1048 2532 1090 2574 est
1105 2521 1186 2586 Deus,
1201 2521 1314 2589 Spiritus
1328 2522 1466 2574 attritorum
1481 2534 1521 2574 est
1536 2524 1606 2577 lleus
1623 2542 1630 2579 :
1645 2543 1737 2596 quaru-

954 2602 993 2640 tts
1003 2589 1037 2642 ilc
1048 2607 1159 2645 numero
1169 2594 1295 2657 dirersis,
1307 2599 1398 2646 tanteu
1414 2607 1465 2644 nort
1478 2591 1581 2647 diversa
1594 2595 1735 2668 dicuutur;

952 2667 979 2710 ct
993 2663 1062 2714 sicot
1080 2664 1215 2726 nominis,
1232 2664 1359 2717 irretiant
1381 2661 1420 2716 rei
1444 2665 1592 2730 predicate
1614 2671 1738 2735 repetitio

952 2727 1018 2808 lacta
1030 2745 1068 2784 est
1079 2749 1088 2798 ;
1098 2743 1126 2786 et
1135 2734 1192 2789 ltec
1202 2735 1283 2787 unius
1295 2735 1328 2787 de
1340 2731 1423 2786 triltus
1434 2737 1569 2800 praedicnt
1585 2741 1735 2795 necessaria

954 2800 1128 2879 tudillerentia
1145 2804 1283 2871 permittit,
1299 2805 1353 2857 imo
1367 2804 1459 2871 erigit,
1471 2803 1564 2858 radnn
1579 2807 1628 2860 tria
1641 2811 1673 2863 ad
1686 2811 1737 2866 ltu·

950 2883 993 2937 pos
1009 2881 1049 2925 tcr
1061 2874 1210 2941 predicate
1224 2874 1348 2928 assentire
1372 2872 1583 2940 siugttlaritatem
1597 2882 1734 2949 coniungi,

123 2939 152 2994 ln
163 2939 258 3009 qttiltos
273 2952 360 2996 tamen
371 2944 494 2998 omnibus
509 2945 565 3011 ipsa
578 2943 690 3013 justitia,
700 2941 845 2994 secuudum
858 2943 902 3007 jus
954 2941 1008 2993 ita:
1025 2942 1114 3008 Pater,
1130 2944 1222 3009 lilius,
1236 2944 1375 2997 amltorunt
1389 2944 1514 3009 Spiritus,
1527 2954 1589 3000 sunt
1600 2963 1666 3001 uitus
1680 2953 1736 3005 siu·

122 3010 270 3078 religionis,
287 3028 393 3067 causam
410 3014 490 3067 relcrt
504 3015 536 3067 ad
558 3014 651 3073 Dedin,
667 3020 694 3064 et
705 3013 747 3064 ltio
762 3026 831 3064 uuus
843 3012 899 3064 olli·
952 3010 1080 3077 gulariter
1095 3014 1173 3067 lleus.
1197 3013 1278 3067 ltccte
1297 3028 1362 3083 ergo
1377 3012 1445 3065 torte
1460 3012 1574 3069 lidclium
1589 3015 1738 3076 illationem.

122 3083 223 3136 ciorum
248 3085 365 3137 omnium
390 3084 450 3138 lutis
478 3083 607 3151 quaslibet
628 3081 697 3151 juris
728 3092 816 3148 partes
841 3083 902 3135 laert
954 3094 987 3133 et
1006 3082 1213 3154 tlteologicorum
1232 3081 1734 3153 propriainuidereutturntoneenut-

122 3167 184 3205 εεεε
200 3163 320 3206 virtutes.
338 3156 366 3206 lu
386 3156 515 3223 religione
531 3155 614 3220 prima
624 3163 665 3206 est
680 3152 757 3214 tides,
771 3166 830 3219 quae
844 3153 902 3220 qui·
917 3147 939 3210 C
954 3153 1084 3208 utendam
1098 3163 1155 3207 att:

123 3224 183 3276 dem
199 3225 356 3287 perteraliier
376 3235 416 3279 εει
431 3225 550 3278 veritatis
563 3223 704 3292 cujusliltet
725 3225 761 3274 rei
785 3236 845 3275 rum
860 3237 902 3275 as·
989 3220 1080 3293 Cujus,
1097 3221 1161 3294 ete]
1179 3223 1277 3288 Quasi:
1294 3221 1400 3276 Fideles
1412 3223 1517 3276 divisim
1533 3225 1642 3283 dieunt:
1658 3231 1736 3288 Pater

123 3293 249 3348 scttsioue
262 3298 409 3362 perceptio:
421 3295 510 3349 suiad
522 3295 695 3362 quorumdam
711 3291 826 3345 inarime
841 3306 902 3359 per-
954 3301 995 3344 cst
1006 3293 1074 3347 licus
1086 3310 1094 3355 ;
1107 3294 1170 3348 item
1186 3294 1268 3347 Filius
1286 3304 1328 3346 est
1353 3293 1423 3346 lieus
1436 3306 1443 3356 ;
1458 3295 1521 3350 item
1540 3297 1654 3364 Spiritus
1674 3315 1737 3355 sau·

123 3365 273 3429 ceptionem
288 3364 457 3420 intisiltilinut
487 3368 537 3418 ltoe
550 3378 645 3417 uotucu
661 3378 706 3429 per
719 3362 902 3416 excellentiam
954 3372 1012 3414 ctus
1027 3374 1068 3416 εει
1084 3365 1163 3417 ιιειιε.
1178 3363 1338 3432 nique-iude
1350 3363 1514 3430 conjunctim
1529 3366 1665 3423 inl'erunt:
1682 3371 1734 3439 lgi-

124 3448 189 3486 usus
203 3439 346 3495 contraxit.
361 3447 388 3489 itt
399 3436 499 3490 scilicet
512 3436 578 3489 lides
592 3435 706 3495 dicatur,
721 3449 772 3499 qua
787 3436 903 3486 rationa-
955 3441 998 3485 tor
1012 3432 1099 3498 Pater,
1117 3433 1211 3497 Filius,
1224 3434 1338 3501 Spiritus
1359 3443 1472 3488 sanctus
1492 3445 1638 3491 eontanas
1655 3439 1734 3498 lietts.

123 3503 157 3559 lis
171 3519 246 3559 mens
257 3522 319 3559 rere
333 3514 361 3560 et
378 3521 436 3561 emit
461 3506 617 3560 assensione
641 3503 753 3571 percipit
780 3502 807 3556 id
831 3516 901 3571 quot
955 3501 1050 3571 lltique
1067 3519 1119 3556 non
1137 3506 1195 3558 siue
1210 3505 1321 3565 ratione,
1340 3503 1438 3573 quippe
1452 3503 1528 3570 cujus
1540 3505 1735 3578 cttnjituctionit

123 3585 165 3628 εει
177 3579 296 3629 otuttimtt
306 3591 376 3641 esse,
393 3587 420 3631 ει
432 3592 492 3631 eum
517 3576 617 3645 quitali
632 3574 757 3628 omnious
771 3572 903 3628 ltouorun-
956 3571 1124 3643 ratiolSttpp.
1134 3573 1506 3645 sit]illiusqunmdedirersis
1516 3580 1734 3645 agendodirisint

122 3644 172 3699 dus
186 3654 228 3699 εει
253 3651 363 3712 cultum,
378 3659 405 3700 et
416 3663 474 3714 quac
488 3644 580 3701 Gra-re
598 3645 681 3714 ipsius
694 3644 802 3712 llraetttia
816 3645 903 3697 culto·
953 3643 988 3697 de
999 3645 1064 3711 ipsis
1074 3645 1208 3699 alltrmaut
1218 3646 1342 3699 essentias
1353 3646 1429 3699 utrius
1440 3645 1735 3717 indifferentialluaiu·

123 3729 182 3769 rum
198 3718 283 3771 ortitas
297 3728 396 3786 sperat.
413 3720 461 3771 Est
480 3720 560 3773 etiaut
577 3718 603 3769 iu
619 3715 746 3784 religione
768 3723 855 3767 tuctus
876 3723 904 3767 et
956 3717 995 3766 rie
1008 3716 1088 3782 aliqui
1111 3719 1165 3770 sint
1177 3716 1221 3782 qui
1235 3717 1349 3769 dirersis
1372 3716 1600 3772 comiti-itionibus
1615 3720 1667 3774 illis
1681 3737 1732 3791 pu·

124 3787 221 3838 caritas
235 3788 334 3848 diviua,
349 3799 376 3841 et
390 3788 539 3855 linjttsmodi
554 3786 616 3848 elia,
634 3803 658 3837 m
680 3786 777 3854 quilius
790 3784 846 3852 ipsa
861 3799 903 3838 re·
955 3788 1090 3839 nutricet
1101 3785 1135 3840 de
1148 3786 1274 3848 dirersis,
1287 3787 1321 3837 ita
1346 3789 1451 3854 quoque
1476 3786 1581 3842 diuersa
1597 3791 1667 3845 dici:
1687 3796 1732 3863 qui

124 3855 187 3922 ligio
196 3856 346 3910 Christiana
359 3859 469 3910 multum
484 3866 527 3910 est
548 3855 704 3910 reserenda.
721 3855 773 3908 Sed
788 3856 845 3921 ejus
861 3868 903 3907 re·
954 3856 1066 3918 scilicet,
1080 3855 1176 3910 Filium
1188 3865 1233 3908 aut
1243 3855 1370 3922 Spiritum
1383 3866 1504 3910 settetuut
1518 3859 1673 3926 opinantur,
1689 3876 1735 3918 aut

125 3939 271 3980 versunam
287 3927 375 3993 plures
388 3936 525 3993 usurpant,
547 3927 666 3979 dicentes
678 3940 707 3980 se
726 3924 902 3977 curisteum·
954 3926 1063 3978 aliuma
1083 3925 1171 3988 Patre,
1193 3934 1238 3977 aut
1258 3925 1336 3978 aliter
1359 3939 1436 3992 quatu
1454 3926 1558 3980 Patrem
1575 3929 1655 3984 ileum
1671 3933 1734 3989 dici,

124 3994 280 4062 religionem
296 3997 404 4061 italicus,
418 4012 472 4049 nou
485 3996 565 4050 utotlo
583 4010 636 4048 oon
650 3998 773 4049 timentes
786 3995 903 4047 diriuam
956 3995 1007 4048 lios
1017 3995 1087 4048 cuim
1101 3997 1190 4061 procul
1201 3995 1280 4048 dultiu
1290 3993 1387 4046 comita
1402 4011 1431 4047 ur
1442 3995 1602 4061 dtllercutia,
1617 4002 1734 4069 quicum

125 4078 205 4132 super
222 4079 251 4119 se
271 4074 437 4132 potestatem,
452 4075 498 4119 aut
511 4080 563 4119 nou
578 4075 697 4118 amantes
712 4065 829 4117 divinant
841 4079 902 4133 erga
954 4066 1034 4117 alium
1047 4063 1094 4118 alii
1107 4064 1311 4126 contemneret
1325 4077 1432 4130 augent,
1456 4069 1537 4119 atium
1552 4069 1667 4122 dicettuo
1680 4087 1736 4126 utu.

125 4150 155 4190 εε
165 4136 325 4201 bonitatum
341 4140 522 4190 verumetiam
536 4136 568 4187 de
583 4136 691 4201 ltisqom
706 4133 739 4187 ad
755 4134 832 4187 lidern
845 4151 904 4201 per·
952 4137 1058 4201 jureum
1075 4135 1115 4187 rel
1128 4135 1259 4197 minuunt,
1273 4134 1354 4188 aiium
1369 4132 1483 4187 diceudo
1497 4138 1636 4193 minorem.
1654 4139 1736 4198 Verbi

126 4205 212 4261 tinent
235 4222 286 4259 uon
301 4207 531 4261 rectecredenter.
544 4207 597 4260 Sed
613 4215 643 4259 ut
654 4207 688 4258 de
701 4204 804 4258 caeteris
816 4215 904 4260 ιεεεε-
954 4214 1048 4273 grotta,
1066 4214 1092 4258 ut
1118 4205 1220 4268 Αειειιι,
1236 4205 1280 4271 εει
1300 4203 1471 4268 Trinitatem,
1488 4207 1513 4258 id
1541 4216 1583 4260 eit
1607 4210 1657 4263 ltot
1680 4223 1736 4267 iret

126 4291 194 4340 natis,
210 4290 242 4329 ea
258 4278 321 4330 sides
337 4280 450 4331 itt-trime
463 4292 493 4331 ae
505 4278 623 4332 solitarie
648 4277 744 4342 pollet,
766 4275 829 4329 item
849 4293 903 4329 stu·
955 4291 1067 4343 quorum
1084 4286 1153 4327 uuus
1166 4273 1253 4338 Pater,
1269 4274 1340 4327 alius
1354 4272 1446 4336 lilius,
1465 4276 1532 4330 alim
1551 4278 1665 4344 Spiritus
1678 4295 1737 4335 eau-

126 4347 210 4470 gqtlari
224 4361 254 4399 ae
267 4361 370 4401 suttuua
392 4349 519 4416 dignitato
544 4358 584 4402 εει
606 4349 765 4410 reverenda,
789 4347 903 4414 querci
955 4359 1013 4398 cius
1029 4354 1149 4406 iocatur,
1161 4344 1296 4398 variantes
1307 4344 1466 4412 quibusdam
1480 4347 1609 4415 gradibus
1628 4352 1736 4405 merito·

153 4432 218 4469 rece
236 4419 358 4478 καθιλική,
383 4421 424 4471 rel
443 4423 536 4472 Latitte
560 4416 717 4472 universalis
740 4431 863 4479 iocatum
877 4430 904 4470 et
956 4427 1114 4482 munemne
1128 4418 1248 4469 dicentes
1265 4415 1369 4468 Patrem
1395 4429 1454 4470 esse
1469 4419 1598 4484 tritiorcm
1619 4420 1695 4485 Filio,
1710 4434 1738 4477 et

128 4488 330 4541 ltucdnaltusdc
342 4490 447 4551 causis,
464 4499 517 4542 tum
533 4490 634 4543 scilicet
651 4497 757 4555 propter
772 4498 902 4556 praecepta
919 4521 943 4580 Ι)
957 4485 1050 4539 lilium
1058 4486 1158 4553 Spiritu
1171 4495 1271 4545 saneto,
1287 4484 1450 4550 distraiiuut,
1470 4486 1496 4540 id
1515 4498 1567 4551 est,
1582 4504 1634 4544 nou
1656 4493 1736 4548 modo

127 4559 313 4611 universalium
337 4561 496 4627 regularum,
518 4561 542 4613 id
557 4571 598 4613 est
617 4569 724 4625 propter
739 4557 903 4611 mtirersales
956 4559 1134 4624 personalium
1149 4555 1350 4624 proprietatum,
1365 4570 1457 4609 rerum
1475 4551 1555 4612 etlam
1581 4571 1737 4617 naturarum

128 4631 232 4695 regulas
248 4643 439 4696 praeceptorum
455 4646 533 4699 :qum
550 4632 599 4683 troc
613 4630 670 4683 loco
693 4629 817 4681 dicuntur
840 4630 902 4682 oui·
955 4641 1066 4679 uuiucro
1076 4626 1243 4693 distinguunt
1256 4626 1496 4690 :dieetttcs,solum
1507 4628 1610 4682 Patrem
1623 4634 1734 4686 veritate

127 4700 253 4763 versatos,
265 4700 325 4767 quia
342 4716 393 4754 nou
409 4702 452 4753 uui
469 4701 575 4768 populu,
591 4701 661 4752 sicut
674 4698 713 4751 lcr
729 4699 790 4752 liliis
805 4699 901 4760 lsrael3
954 4695 1079 4750 esseutiae
1097 4694 1189 4757 Deum,
1205 4693 1301 4748 Filium
1314 4709 1379 4748 itero
1390 4707 1552 4764 creaturam,
1567 4709 1594 4752 ει
1608 4699 1736 4768 Spiritum

127 4784 177 4822 uec
193 4768 236 4820 uni
251 4771 336 4831 serui,
350 4771 418 4823 sinit
432 4772 597 4824 circutucisiu
612 4768 754 4831 masculis;
768 4768 815 4821 sed
829 4783 903 4822 omitt
954 4776 1076 4820 sanctum
1088 4773 1218 4819 creature
1228 4775 1389 4820 ereaturam.
1405 4769 1470 4833 Quae
1489 4769 1613 4823 nimirum
1623 4773 1736 4828 dirersi-

127 4840 236 4907 populo,
251 4841 321 4894 omui
336 4842 419 4903 serui,
433 4845 504 4894 omni
520 4840 634 4907 demque
648 4841 730 4900 aetati,
748 4849 828 4906 atque
839 4852 903 4891 cou-
955 4846 995 4890 tas
1005 4851 1038 4889 ex
1053 4834 1504 4904 meritorumgradittosnecessario
1517 4839 1681 4909 intelligitur,
1691 4844 1736 4908 qni

127 4909 221 4962 ditioni
237 4910 396 4964 itnticmttur.
412 4911 467 4966 llua
482 4910 552 4965 euim
568 4913 644 4971 tides,
661 4923 741 4961 uuum
763 4909 902 4975 ltapttsma,
955 4894 1377 4973 nisiindirersidetiamcjnsdem
1387 4910 1502 4975 generis,
1512 4920 1604 4963 natura
1615 4925 1675 4965 esse
1686 4927 1738 4966 nott

128 4995 195 5032 unus
207 4980 329 5033 sactilicii
343 4983 419 5047 ritus,
431 4998 481 5034 uua
501 4991 609 5045 cartas,
624 4992 675 5034 oua
698 4993 760 5045 spes
779 4978 904 5033 otuniltos
956 4986 1078 5045 possunt.
1087 4977 1177 5045 Neque
1187 4975 1258 5031 euim
1269 4976 1376 5031 ltomioe
1388 4978 1468 5031 itottto
1478 4979 1564 5046 maior
1577 4987 1623 5034 aut
1635 4980 1741 5050 dignior

128 5052 287 5117 praedicatur
299 5068 306 5104 :
320 5053 416 5120 quilius
437 5053 535 5121 regulis
556 5057 751 5119 praeceptorum
783 5050 903 5116 eiusdem
956 5058 1039 5109 esset,
1053 5049 1103 5101 uisi
1115 5062 1216 5102 naturae
1229 5048 1383 5101 diversitate
1396 5051 1464 5101 atter
1474 5048 1508 5101 ali
1522 5051 1607 5104 altero
1616 5051 1688 5105 aliud
1699 5068 1740 5106 es·

126 5121 286 5174 Citristiattae
303 5123 437 5191 religionis
449 5123 621 5189 intelligatur,
638 5121 662 5172 id
677 5131 717 5172 est
731 5120 840 5187 intelligi
856 5133 905 5188 po-
956 5127 1007 5172 set.
1017 5118 1083 5172 Cum
1096 5119 1175 5185 igitur
1187 5117 1278 5170 Ariani
1293 5117 1442 5178 Patronem
1454 5119 1561 5188 Filium,
1574 5131 1601 5173 et
1611 5120 1741 5188 Spiritum

129 5200 193 5258 test,
208 5202 365 5257 auctorttas,
380 5193 405 5247 id
421 5205 462 5246 est
484 5190 675 5261 primipalitas.
689 5188 755 5241 Tum
767 5194 906 5257 propterca
957 5202 1079 5242 sanemur
1102 5188 1229 5256 gradibus
1254 5188 1357 5241 variant
1382 5193 1548 5254 meritorum,
1566 5193 1676 5244 eosdem
1691 5206 1740 5246 ne·

127 5265 197 5329 qood
211 5261 269 5330 cius
293 5264 352 5316 tidei
373 5265 470 5322 cultus.
485 5278 538 5331 quo
553 5260 657 5314 εειιιεει
669 5259 736 5312 tides
758 5262 822 5314 illud
847 5272 908 5313 este
959 5260 1077 5322 cessuris
1099 5271 1253 5311 naturarum
1271 5257 1417 5310 titilereutia
1439 5257 1601 5321 distratum,
1619 5271 1698 5327 atque
1713 5262 1740 5316 itt

128 5346 160 5385 er
170 5347 223 5400 quo
236 5344 286 5393 εει,
302 5333 427 5402 quidquid
443 5343 493 5394 est,
508 5341 657 5394 veneratur,
675 5344 721 5396 per
735 5344 828 5383 ornnes
841 5343 908 5393 pene
960 5344 1100 5394 eamque
1120 5329 1267 5382 secuudum
1288 5328 1397 5380 lnrutam
1413 5326 1518 5395 generis
1532 5337 1584 5394 εει,
1601 5330 1740 5392 pluralita-

129 5403 219 5454 muudi
236 5412 363 5457 terminos
377 5404 520 5465 eruauatit,
536 5402 562 5455 id
577 5413 628 5469 est,
639 5414 724 5468 usque
736 5401 770 5454 ad
786 5403 852 5455 lines
866 5415 909 5454 ur·

128 5471 169 5526 liis
182 5472 311 5539 pervenit.

165 5542 320 5613 dejectae,
335 5547 404 5608 ete]
422 5542 634 5596 Citristianorum
650 5540 701 5594 title
715 5537 909 5602 commendata,

129 5614 192 5684 quid
206 5614 240 5667 de
257 5614 342 5666 l'atris
357 5625 383 5667 ει
395 5613 453 5666 t'tltt
467 5624 495 5666 ει
507 5614 622 5682 Spiritus
635 5612 773 5664 attritorum
795 5608 910 5663 essentia

129 5694 157 5738 et
170 5684 377 5753 proprietatibus
400 5683 451 5743 insi
472 5685 599 5744 sentiant,
614 5683 689 5737 dicit.
706 5682 738 5733 lit
753 5681 838 5745 primo
856 5682 912 5737 ειε-

130 5757 250 5825 gularem
261 5765 289 5808 et
298 5754 444 5823 simplicem
458 5770 517 5808 esse
539 5754 616 5807 trium
630 5752 772 5805 essentiam
781 5750 855 5805 ‘uicit
865 5765 912 5804 etis

965 5408 1016 5452 tent
1034 5400 1171 5451 diducunt.
1197 5398 1305 5451 illorum
1328 5398 1406 5466 igitur
1426 5398 1564 5465 opinione,
1579 5415 1640 5454 cum
1664 5401 1743 5455 Pater

964 5469 1059 5521 dicitur
1073 5466 1153 5533 lletts,
1170 5480 1197 5522 et
1214 5466 1297 5520 Filios
1310 5467 1407 5520 dirimr
1423 5467 1503 5532 ileos,
1514 5479 1541 5522 et
1555 5470 1672 5536 Spiritus
1683 5488 1744 5525 satt-

964 5550 1023 5593 ctus
1036 5536 1132 5591 dicitur
1148 5538 1229 5602 ileos,
1240 5537 1322 5590 Filius
1338 5537 1524 5606 intelligendu,¹
1538 5551 1577 5594 εει
1593 5541 1662 5595 εΙιεε
1675 5542 1745 5596 Deus

965 5624 1044 5674 qunm
1069 5608 1162 5672 l'ater,
1177 5616 1204 5662 ει
1225 5608 1340 5675 Spiritus
1359 5622 1466 5662 saucios
1484 5610 1554 5662 altus
1578 5612 1646 5664 licus
1667 5628 1744 5681 quam

966 5678 1057 5739 Filius,
1070 5679 1111 5730 rel
1124 5677 1218 5743 Pater,
1234 5693 1320 5745 ueqne
1334 5677 1402 5731 itane
1414 5694 1491 5740 posse
1507 5680 1566 5734 lieri
1580 5682 1745 5748 cunjunctiu-

966 5763 1037 5811 nant,
1053 5762 1102 5817 εει
1117 5748 1223 5811 dicitur,
1239 5749 1315 5803 Pater
1329 5760 1356 5803 ct
1371 5749 1455 5804 l'tlitts
1471 5760 1496 5803 ct
1512 5754 1625 5818 Spiritus
1639 5766 1745 5809 satietur
